2930 4963
2419 388 2550 457 869

299 552 443 615 tiles
469 552 801 634 practices,
852 572 929 615 eo
952 550 1301 633 affiguntu-
1314 596 1335 629 ‚
1394 562 1465 617 ut
1493 543 1874 618 fundationes
1897 552 2014 617 lise
2035 574 2274 632 omnes,
2329 574 2551 636 quam-

296 655 397 716 vis
437 654 675 715 nsinimi
706 654 835 717 sint
873 642 1093 736 pretii,
1160 655 1528 719 necessario
1557 656 2012 721 confirmentur.
2109 656 2296 735 Quod
2343 658 2550 795 ipsum

298 776 431 823 nou
454 756 761 819 mediocre
787 758 1229 868 Germsnomm
1252 756 1572 820 Lsicorum
1599 768 1693 821 est
1717 778 1894 822 onus.

1008 880 1453 945 CAPUT
1532 882 1822 947 XXXIII.

301 1004 405 1063 De
465 998 768 1063 subsidiis
816 1014 875 1062 et
936 1004 1089 1063 aliis
1130 982 1445 1080 annesae,
1501 1023 1662 1083 quae
1702 1006 2106 1085 imponuntur
2143 1004 2550 1065 Ecclesiasti-

278 1110 283 1121 '
836 1108 964 1185 vis,
1023 1107 1138 1187 qui
1180 1104 1504 1165 collatores
1541 1104 1766 1167 habent
1805 1108 2015 1168 laicos.

470 1222 575 1291 46.
616 1223 945 1306 Deinceps,
1004 1225 1057 1285 si
1083 1223 1321 1305 quando
1353 1224 1678 1305 contingit,
1739 1224 2204 1287 ecclesiasticam
2228 1245 2546 1307 personam

298 1345 347 1412 a·
364 1324 543 1387 Laico
572 1326 873 1387 Beneficio
915 1326 1117 1407 aliquo
1150 1324 1385 1403 dotari,
1437 1334 1498 1386 et
1521 1326 1823 1409 Episcopo
1853 1349 1965 1411 pro
1995 1328 2352 1389 investitura
2381 1329 2546 1390 acci-

299 1428 524 1511 pienda
556 1428 956 1511 praesentari,
999 1438 1133 1487 tum
1158 1426 1600 1509 Episcoporum
1625 1428 1693 1489 in
1725 1427 2174 1509 spiritualibus,
2215 1438 2288 1489 ut
2303 1440 2544 1511 vocant,

298 1530 566 1609 vicarii,
621 1552 737 1613 pro
778 1529 1140 1591 investitura
1163 1536 1402 1589 tantum
1463 1538 1713 1609 erogant
1756 1528 1907 1589 aeris
1963 1532 2356 1611 praesentatis
2402 1531 2544 1611 illis,

298 1614 595 1715 quantum
624 1634 915 1694 collatum
944 1630 1310 1692 Beneficium
1340 1631 1409 1691 in
1444 1646 1648 1692 annuo
1673 1630 1856 1692 habet
1879 1642 2212 1713 proventu,
2255 1653 2548 1693 nonnun-

302 1756 487 1817 quam
516 1733 733 1835 etiam,
776 1744 1068 1817 quantum
1097 1733 1283 1794 bimo.
1366 1732 1454 1793 Its
1481 1734 1641 1793 enim
1670 1734 1852 1819 alters
1881 1733 2084 1814 portio
2111 1726 2371 1813 exigitur
2400 1734 2548 1839 Epi-

299 1857 526 1921 scopo,
567 1848 629 1899 et
652 1837 885 1919 reliqua
912 1836 1151 1897 interim
1182 1834 1684 1927 Archidiscono,
1701 1844 1803 1895 aut
1830 1830 2426 1917 Archipresbytero,
2430 1858 2546 1921 pro
2604 1883 2612 1893 .

293 1938 661 2001 ‘investitura
690 1938 791 2000 vel
824 1936 1215 2019 possessionis
1238 1937 1586 1999 traditione.

476 2042 580 2109 46.
638 2040 896 2122 Insuper
932 2038 1305 2118 nimiumque
1348 2060 1463 2119 pro
1519 2038 1786 2116 viribus,
1847 2036 2081 2099 illicitis
2132 2038 2546 2102 exactionibus

298 2152 557 2223 gravant
576 2142 867 2225 Episcopi
894 2140 1219 2219 Beneficia,
1278 2138 1556 2201 subsidiis
1588 2140 1908 2215 nimirum,
1965 2140 2168 2201 nullae
2211 2141 2358 2203 licet
2396 2144 2547 2204 sub-

301 2247 428 2307 sint
458 2247 779 2327 urgentes,
838 2255 943 2306 sut
979 2244 1140 2305 illud
1180 2240 1297 2303 sibi
1334 2242 1660 2303 admodum
1707 2236 2084 2325 postulantes
2129 2262 2367 2316 causae:
2425 2244 2546 2308 hoc

210 2352 223 2367 '
300 2357 426 2426 est,
485 2348 653 2431 quod
691 2349 828 2410 iura
859 2356 1123 2423 vocant,
1189 2345 1538 2405 manifestae
1581 2354 1643 2405 et
1684 2344 2100 2423 rationabiles,
2159 2347 2324 2406 ultra
2365 2348 2542 2408 etiam

297 2451 581 2530 modum,
627 2471 805 2532 quem
832 2450 961 2512 iura
986 2450 1323 2510 communia
1345 2448 1411 2508 in
1439 2447 1676 2511 casibus
1705 2446 2082 2508 evidentibus
2111 2455 2170 2506 et
2195 2450 2545 2512 necessariis

228 2607 239 2622 ,
296 2553 739 2634 praescribunt.
823 2553 953 2613 Illis
984 2571 1199 2632 nempe
1230 2551 1502 2626 casibus,
1555 2548 1773 2636 quibus
1819 2549 1965 2609 solis
2018 2549 2156 2609 iura
2210 2549 2572 2636 subsidium,

298 2656 373 2716 ab
398 2653 837 2718 Ecclesiasticis
862 2655 1093 2733 erogari
1120 2654 1518 2736 permittunt,
1573 2651 1765 2732 fitque
1787 2650 1915 2712 eius
1936 2651 2026 2711 rei
2056 2652 2380 2715 immodico
2412 2676 2545 2736 usu,

294 2767 371 2818 ut
394 2756 788 2839 Presbyteriis
812 2756 971 2816 vitae
995 2753 1324 2817 necessaria
1347 2755 1488 2832 vix,
1545 2762 1652 2813 aut
1691 2761 1853 2813 certe
1896 2773 1974 2813 ne
2015 2754 2121 2814 ills
2149 2756 2389 2836 quidem
2430 2779 2545 2820 re-

296 2860 684 2941 linquantur.
772 2859 1022 2918 Demum
1050 2867 1110 2916 et
1135 2857 1196 2916 in
1224 2856 1415 2917 totius
1442 2854 1656 2939 populi
1685 2865 1868 2937 caput
1893 2853 2016 2917 hoc
2035 2857 2340 2922 redundat
2365 2882 2539 2940 onus,

298 2963 540 3043 quando
566 2963 651 3022 ita
679 2969 1040 3045 premuntur
1062 2959 1449 3037 sacerdotes,
1489 2969 1564 3020 ut
1601 2961 1897 3041 respirare
1940 2961 2022 3046 eis
2058 2979 2185 3022 non
2221 2963 2435 3044 liceat,
2477 2965 2543 3026 ni

296 3065 567 3128 vicissim
604 3063 904 3127 subditam
932 3061 1303 3146 plebeculam
1329 3060 1634 3126 arrodant.
1679 3063 1772 3123 Ita
1803 3083 1880 3124 ex
1909 3083 2089 3124 onere
2119 3063 2344 3125 seritur
2371 3087 2542 3146 onus,

298 3187 373 3228 eo
402 3187 628 3249 usque,
671 3176 739 3228 ut
767 3168 1005 3229 nullum
1032 3167 1237 3246 gratis,
1278 3167 1396 3226 nisi
1425 3173 1775 3227 numeretur
1801 3186 2038 3248 semper
2057 3166 2311 3248 aliquid,
2353 3170 2542 3229 mini-
2587 3197 2594 3204 ·

301 3279 496 3330 strent
546 3280 983 3331 sacramentum
1038 3269 1459 3349 Ecclesiaeque
1503 3267 1875 3330 Christianae
1919 3269 2176 3330 donum:
2248 3269 2326 3329 ad
2371 3271 2576 3352 quod.

296 3381 498 3433 tamen
522 3371 950 3454 praecipuum,
992 3373 1177 3449 gratis
1202 3381 1276 3430 ut
1300 3373 1597 3447 facerent,
1659 3369 1989 3450 darentque
2026 3392 2092 3431 ea
2133 3373 2346 3451 gratis,
2389 3395 2542 3454 quae

298 3474 475 3535 nullo
500 3495 635 3535 aere
657 3473 871 3535 redimi
895 3482 1171 3554 possunt,
1184 3459 1365 3551 steine
1390 3470 1512 3550 ipsi
1539 3472 1722 3548 gratis
1747 3469 2135 3552 accepissent,
2150 3495 2320 3536 sacro
2348 3455 2555 3536 sancti·

299 3577 611 3657 Evangelii
654 3573 1074 3636 attestantibus
1110 3569 1339 3650 literis,
1383 3572 1756 3633 tenebantur.
1826 3574 1910 3635 At
1933 3572 2094 3634 illud
2116 3594 2214 3635 ies
2241 3575 2372 3658 ipsa
2399 3577 2542 3638 fecit

298 3681 621 3742 notorium.

940 3847 953 3860 ,
1021 3804 1072 3865 C
1112 3800 1166 3863 A
1205 3802 1253 3863 P
1294 3802 1352 3862 U
1392 3801 1443 3863 Τ
1527 3801 1808 3866 XXXIV.

306 3911 445 3990 Quo
490 3919 685 3990 pacto
732 3908 982 3990 saepius
994 3947 1015 3981 ,
1071 3917 1127 3966 et
1170 3903 1416 3988 quidem
1446 3906 1669 3986 plures
1711 3927 1876 3982 una,
1936 3902 2174 3966 indocti
2213 3917 2402 3990 atque
2439 3913 2540 3972 in-

918 4006 1126 4069 idonei
1166 4007 1526 4070 ordinentur
1567 4006 1925 4096 sacerdotes.
2006 4057 2014 4071 ,
2271 3987 2276 3995 ¹

386 4175 391 4183 -
468 4129 573 4199 47.
624 4130 777 4191 Item
800 4127 1257 4211 Archiepiscopi
1274 4175 1293 4206 ,
1352 4128 1668 4211 Episcopi,
1725 4137 1788 4190 et
1819 4147 2028 4188 eorum
2054 4127 2328 4208 suffecti,
2381 4152 2538 4213 quos

300 4233 719 4315 Suffraganeos
763 4239 1023 4308 vocant,
1078 4247 1498 4312 saepenumero
1525 4231 1732 4313 plures
1763 4229 2076 4308 indoctos,
2132 4231 2385 4311 idiotas,
2441 4234 2541 4294 in-

298 4335 555 4417 habiles,
610 4336 884 4418 vilesque
928 4351 1003 4395 ac
1042 4333 1311 4398 ludicras
1354 4325 1643 4416 personas
1685 4335 1764 4394 sd
1805 4331 2129 4396 sacerdotii
2163 4336 2572 4400 functionem.

2007 4439 2094 4506 24
