2930 4963
369 343 586 440 ω’

371 535 539 622 quoa
575 535 786 618 vigore
823 535 1047 602 horum
1085 499 1486 602 nemorum
1526 557 1653 600 non
1676 535 1943 600 intenae
1968 493 2189 600 tollere
2214 521 2611 630 infusam-1312·
2662 559 2680 584 ·

371 639 714 704 ordinariis
769 647 1010 726 tempus
1057 639 1472 706 Latet-mensis
1530 639 1789 706 Concilii
1856 639 2134 723 quodque
2212 645 2352 702 ante
2416 639 2615 722 ipsius

371 937 614 1002 uuiaet,
645 931 800 1008 quod
827 931 1112 1004 quaelibet
1135 931 1391 988 Ecclesia
1419 931 1834 1006 metropolitica
1862 904 2120 988 teneatur
2145 929 2615 987 etdebeatnnum

368 1021 578 1076 habere
609 1021 980 1090 Theologum,
1009 1017 1107 1089 qni
1133 1035 1233 1073 sua
1261 1017 1515 1072 doctrina
1546 1027 1603 1072 et
1618 1017 2119 1089 praedicationibus
2140 1018 2393 1071 fructum
2420 1017 2615 1071 salutis
2686 1021 2694 1027 '

370 1107 599 1172 affer-1123
637 1105 858 1158 ordinat
882 1103 1023 1156 haec
1047 1113 1238 1156 sancta
1259 1102 1513 1174 synodus
1531 1143 1548 1173 ,
1563 1103 1715 1175 quod
1740 1103 2065 1158 extendatur
2092 1103 2266 1157 etiam
2291 1101 2615 1157 huiusmodi

369 1191 648 1248 ordinatio
683 1189 754 1244 ad
778 1189 1052 1244 Ecclesias
1077 1187 1451 1256 cathedrales,
1496 1189 1691 1244 taliter
1716 1189 2005 1258 videlicet,
2048 1187 2200 1262 quod
2236 1187 2617 1260 quilibetcol·

369 1277 518 1334 lator
546 1277 794 1347 ipsarum
822 1273 1270 1328 Praebendarum
1304 1282 1565 1330 teneatur
1598 1285 1656 1330 et
1694 1273 1895 1329 debeat
1928 1273 2335 1328 canonicatum
2364 1283 2420 1326 et
2442 1275 2616 1327 Prae-3

369 1361 650 1430 bendum,
693 1377 863 1432 quam
887 1357 1135 1430 primum
1166 1359 1404 1415 facultas
1437 1377 1496 1415 se
1526 1359 1827 1428 obtulerit,
1870 1367 1928 1414 et
1959 1357 2201 1412 inveniri
2228 1359 2470 1429 poterit,
2508 1355 2619 1412 uni

370 1447 645 1521 Magistro
672 1486 689 1515 ,
731 1445 1042 1518 Licentiato
1060 1485 1078 1513 ‚
1120 1445 1211 1499 vel
1247 1447 1308 1499 in
1325 1446 1631 1520 Theologia
1658 1445 2033 1500 Baecalaureo
2056 1445 2303 1498 formato
2336 1443 2615 1513 conferre,

371 1533 472 1608 qui
509 1549 612 1604 per
637 1530 970 1586 decennium
999 1531 1058 1584 in
1087 1531 1456 1592 Universitate
1484 1531 1834 1630 privilegiata
1867 1529 2177 1600 studuerit,
2217 1539 2274 1583 et
2303 1545 2441 1583 onus
2474 1529 2617 1608 resi·

373 1618 593 1672 dentiae
625 1635 693 1670 ac
733 1615 988 1684 lecturae
1029 1626 1085 1671 et
1115 1618 1551 1688 praedicationis
1582 1615 2083 1684 subire·voluerit,
2128 1616 2336 1686 quique
2383 1613 2467 1666 bis
2516 1621 2620 1668 aut

372 1703 548 1758 semel
575 1703 647 1757 ad
675 1703 865 1756 minus
901 1719 1003 1773 per
1041 1701 1280 1774 singulas
1317 1703 1729 1770 hebdomadas,
1785 1703 2033 1758 cessimte
2077 1697 2328 1772 legitimo
2378 1697 2619 1770 impedi·

371 1797 600 1857 mento,
642 1788 830 1858 legere
867 1787 1102 1854 babeat,
1147 1797 1203 1840 et
1235 1787 1454 1861 quoties
1482 1789 1667 1860 ipsum
1694 1787 1755 1841 in
1788 1785 2103 1841 huiusmodi
2141 1785 2353 1860 lectura
2382 1783 2619 1838 deficere

252 1873 262 1880 ’
373 1873 702 1947 eontigerit,
747 1872 817 1927 ad
849 1870 1146 1927 arbitrium
1175 1871 1418 1943 Capituli
1457 1874 1515 1927 in
1548 1875 1927 1928 subtractione
1964 1869 2417 1938 distributionum
2444 1870 2620 1924 totius

369 1957 758 2014 hebdomadae
783 1958 971 2029 puniri
999 1959 1189 2029 possit.
1275 1959 1348 2012 Et
1375 1961 1420 2011 si
1457 1959 1815 2014 residentiam
1848 1955 2180 2024 deseruerit,
2226 1949 2315 2009 de'
2336 1954 2447 2009 alio
2485 1945 2619 2026 pro-

371 2043 648 2100 videatur.
737 2045 1166 2110 Verumtamen,
1209 2052 1275 2097 ut
1315 2041 1547 2099 liberius
1580 2045 1760 2098 studio
1798 2059 1995 2098 vacare
2034 2041 2230 2114 possit,
2282 2041 2365 2094 nil
2400 2039 2617 2111 perdat,-

375 2145 510 2184 cum
538 2131 738 2185 absens
767 2129 942 2182 fuerit
968 2147 999 2181 a
1025 2127 1263 2184 Divinis.
1349 2129 1587 2201 Insuper
1612 2129 1761 2202 quod
1788 2122 1847 2184 in
1877 2127 2121 2200 qualibet
2144 2127 2392 2182 Ecclesia
2422 2125 2619 2196 cutbe-

374 2213 520 2269 drali
549 2215 642 2268 vel
686 2213 982 2288 collegiata
1025 2213 1175 2268 ultra
1217 2215 1560 2286 praedictam
1600 2214 1985 2269 Praebendam
2008 2211 2296 2284 Theologo
2343 2215 2429 2279 (ut
2455 2219 2621 2282 prae·-

373 2299 642 2370 mittitur)
667 2299 1058 2372 assignandam
1075 2337 1092 2368 ,
1136 2301 1302 2360 tertia
1323 2319 1450 2372 pars
1476 2301 1927 2355 Praebendarum
1962 2298 2288 2354 conferatur
2313 2295 2620 2351 Graduatis

373 2385 515 2440 alias
543 2385 788 2454 idoneis,
831 2385 1001 2441 modo
1031 2393 1090 2438 et
1129 2385 1316 2440 forma
1355 2385 1509 2440 infra
1546 2387 1793 2458 scriptis:
1837 2385 1918 2440 sic
1944 2383 2093 2458 quod
2130 2384 2312 2454 prima
2348 2391 2622 2437 vacatura

372 2470 697 2527 huiusmodi
727 2471 1050 2539 Graduato,
1093 2480 1152 2527 et
1180 2470 1380 2527 deinde
1402 2480 1529 2544 post
1570 2471 1711 2527 alias
1746 2471 1881 2527 duas
1911 2487 2143 2545 sequens
2183 2486 2248 2523 eo
2282 2467 2450 2522 modo
2482 2485 2621 2522 con-

373 2558 625 2626 feratur,
667 2567 722 2611 et
749 2558 830 2611 sic
866 2557 1158 2627 deincepse
1204 2558 1460 2613 videlicet
1488 2558 1776 2633 Magistris
1802 2568 1901 2613 aut
1934 2554 2258 2611 Licentiatis
2288 2572 2385 2608 seu
2412 2556 2623 2609 Bacca-

373 2640 579 2699 laureis
605 2642 861 2696 formatis
891 2644 952 2696 in
983 2642 1326 2715 Theologia,
1371 2642 1469 2715 qui
1498 2662 1599 2715 per
1642 2644 1973 2697 decennium
2009 2642 2069 2695 in
2111 2640 2300 2712 aliqua
2334 2638 2623 2693 Universi·

375 2736 495 2783 tate
519 2726 903 2800 privilegiata:
947 2726 1288 2781 Ductoribus
1317 2746 1418 2781 seu
1447 2728 1777 2783 Licentiatis
1820 2728 1881 2781 in
1922 2727 2098 2782 altero
2136 2726 2351 2780 Iurium
2378 2723 2472 2777 vel
2494 2726 2623 2779 Me-

377 2812 584 2882 dicina,
615 2812 712 2887 qui
741 2830 842 2883 per
867 2819 1082 2881 septem
1113 2828 1288 2865 annos
1311 2812 1368 2865 in
1393 2830 1493 2867 sua
1508 2814 1793 2867 Facultate
1819 2812 2130 2869 studuerint
2152 2812 2213 2865 in
2229 2808 2617 2878 Universitate,

378 2907 445 2953 ut
472 2912 668 2971 supra:
713 2896 1002 2969 Magistris
1036 2913 1134 2951 seu
1159 2896 1488 2952 Licentiatis
1528 2898 1589 2952 in
1622 2898 1883 2970 Artibus,
1928 2914 2059 2952 eum
2100 2897 2288 2969 rigore
2332 2894 2621 2966 examinis,

201 2990 210 2999 ’
279 3014 306 3035 «.
377 2982 474 3057 qui
505 3000 606 3054 per
637 2980 1081 3055 quinquennium
1111 2982 1170 3037 in
1205 2982 1392 3057 aliqua
1419 2984 1794 3039 Universitate
1826 2980 2535 3057 aLogicalibusinclusive
2563 2988 2625 3035 et

379 3086 545 3141 supra
573 3068 635 3122 in
664 3068 922 3144 A‘rtibus,
966 3067 1056 3121 vel
1086 3068 1146 3129 in
1189 3068 1300 3123 alia
1343 3069 1619 3140 superiori
1646 3070 1935 3124 Facultate
1969 3066 2327 3123 studuerint:
2370 3082 2473 3120 nec
2504 3082 2625 3121 non

377 3154 439 3208 in
469 3152 812 3225 Theologia,
855 3152 952 3225 qui
983 3171 1088 3224 per
1114 3170 1208 3207 sex
1241 3171 1449 3231 annos,
1492 3152 1583 3209 vel
1613 3156 1671 3209 in
1698 3164 1936 3227 utroque
1969 3152 2150 3208 autin
2181 3151 2357 3207 altero
2386 3150 2624 3223 Iurium,

380 3238 480 3313 qui
507 3256 610 3311 per
638 3236 942 3293 triennium
959 3278 976 3307 ,
1022 3239 1070 3293 si
1093 3238 1303 3294 nobiles
1333 3256 1400 3292 ex
1427 3250 1669 3312 utroque
1686 3242 1929 3313 ‘parente
1958 3250 2014 3293 et
2038 3256 2103 3292 ex
2132 3238 2362 3309 antiquo
2395 3252 2621 3309 genere,

379 3324 517 3379 alias
544 3334 732 3378 autem
760 3340 862 3395 per
887 3324 1336 3399 quinquennium
1367 3326 1731 3383 consimiliter
1755 3327 1813 3380 in
1840 3326 2027 3399 aliqua
2054 3324 2423 3378 Universitate
2451 3322 2627 3393 privi-

379 3408 590 3483 legiata
619 3408 688 3463 ad
715 3410 901 3463 minus
941 3425 1106 3464 suum
1150 3409 1396 3465 bundium
1435 3412 1706 3469 fecerint:
1752 3411 1945 3483 quide
1990 3409 2289 3481 praedictis
2318 3407 2621 3475 Gradibus,

381 3506 640 3568 tempore
669 3505 724 3549 et
754 3494 1044 3550 nobilitate
1075 3514 1244 3569 supra
1271 3496 1431 3551 dictis
1465 3496 1637 3551 fidem
1664 3498 1851 3551 facere
1890 3505 2186 3551 teneantur
2216 3492 2486 3547 Collatori
2521 3510 2628 3565 per

381 3582 638 3655 legitima
667 3580 1016 3636 documenta.
1097 3584 1474 3638 Exhortamur
1516 3594 1709 3638 tamen
1749 3582 2056 3637 ordinarios
2083 3580 2427 3647 collatores,
2470 3576 2627 3651 quod

381 3668 442 3722 in
473 3668 826 3722 conferendis
853 3666 1142 3722 Beneficiis
1163 3668 1519 3739 huiusmodi,
1563 3670 1885 3741 praesertim
1928 3666 2113 3741 quoad
2141 3664 2493 3735 Dignitates,
2532 3680 2637 3741 re·-

383 3762 640 3825 spectum
671 3752 949 3821 babeant,
995 3752 1356 3825 singulariter
1387 3756 1460 3808 ad
1496 3756 1830 3827 Magistros,
1873 3772 1979 3808 nec
2020 3770 2133 3805 non
2176 3750 2519 3805 Licentiatos
2568 3759 2627 3805 et

382 3838 786 3893 Baccalaureos
813 3838 1086 3893 formatos
1111 3840 1180 3893 in
1203 3838 1526 3913 Theologia.
1613 3840 1680 3893 In
1712 3837 2097 3911 Dignitatibus
2125 3852 2259 3889 vero
2286 3850 2399 3889 non
2432 3834 2627 3891 electi-

383 3924 499 3993 vis,
529 3924 951 3991 Personatibus,
996 3924 1586 3979 Administrationibus
1618 3924 1905 3979 etOfficiis
1938 3926 2211 3978 dictarum
2226 3922 2627 3991 Ecclesiamm,

373 4008 539 4063 'idem
562 4008 700 4063 ordo
718 4048 734 4077 ,
779 4010 978 4063 modus
1005 4021 1061 4063 et
1087 4010 1272 4064 forma
1299 4010 1358 4063 in
1384 4012 1642 4065 omnibus
1672 4008 2053 4079 observentur,
2138 4008 2303 4080 Quod
2328 4008 2375 4061 si
2405 4008 2531 4079 quis
2560 4018 2628 4061 ex

387 4094 554 4149 dictis
594 4096 926 4165 qualificatis
943 4136 961 4167 ‚
1003 4105 1260 4167 tempore
1283 4098 1587 4153 vacationis
1604 4096 1959 4151 Praebendae
1988 4114 2082 4151 seu
2104 4094 2409 4166 Dignitatis
2434 4092 2629 4148 buius·

386 4178 544 4236 modi
571 4180 706 4236 alias
734 4182 873 4236 duas
903 4182 1157 4236 obtineat
1184 4184 1564 4250 Praebendas,
1604 4200 1703 4239 seu
1727 4182 2043 4255 Dignitates
2069 4190 2124 4235 et
2138 4178 2505 4248 Praebendas,
2536 4178 2631 4235 vel

387 4266 544 4321 aliud
572 4285 671 4322 seu
707 4266 818 4321 alia
845 4243 1190 4323 beneficium
1219 4279 1314 4323 aut
1344 4269 1655 4337 Beneficia,
1715 4266 1868 4339 quod
1900 4268 1993 4321 vel
2024 4281 2201 4341 quae,
2246 4264 2537 4321 residendo
2566 4250 2629 4320 in

385 4354 567 4412 altero
593 4354 866 4431 ipsorum,
886 4362 945 4409 et
969 4354 1136 4410 Horis
1167 4354 1368 4413 divinis
1410 4352 1791 4411 inter-essendo
1808 4390 1827 4422 ,
1872 4354 2089 4409 valeret
2108 4366 2209 4407 seu
2246 4350 2501 4413 valerent
2536 4368 2630 4407 us-
