2930 4963
554 437 586 449 -
937 479 943 489 ,
2112 445 2123 459 .
2414 395 2579 462 σι’

2146 477 2181 512 0

251 551 592 637 ophitis,
637 553 806 634 quod
835 552 1092 636 incipit=
1149 555 1621 625 Salvator-is
1654 557 1915 620 nostri
1966 555 2143 620 Iesu
2184 558 2495 624 Christi

247 655 970 754 sequens-vestigia
1003 667 1120 722 etc.
1147 657 1210 738 *)

251 867 374 922 eius
393 866 662 933 nomine,
701 863 853 918 infra
873 865 1180 920 Missarum
1209 865 1483 920 solemnia
1501 907 1518 936 ,
1560 866 1653 919 vel
1696 873 1848 938 post,
1894 865 2337 923 exhortatorium
2370 887 2495 926 ser-

249 969 482 1006 monem
507 951 718 1025 faeiat,
762 967 846 1017 ea,
877 967 1034 1020 quae
1054 952 1124 1004 ad
1151 961 1362 1006 statum
1393 951 1831 1006 ecclesiasticum
1862 961 1917 1005 et
1930 953 2231 1023 praecipue
2259 955 2329 1008 ad
2354 973 2495 1024 pon-

249 1037 462 1092 tificale
493 1037 746 1090 officium
786 1037 1102 1105 pertinent,
1145 1039 1356 1092 seriose
1383 1037 1785 1093 memorandos
1844 1039 2347 1110 comminandoque
2378 1042 2491 1094 sin-

249 1123 436 1195 gulis,
479 1121 632 1193 quod
661 1121 814 1174 iuxta
843 1122 1158 1191 Prophetae
1185 1123 1545 1191 sententiam,
1588 1123 1637 1174 si
1668 1138 1881 1176 eorunr
1907 1123 2071 1194 culpa
2106 1123 2347 1178 cuiusvis
2366 1127 2493 1180 nni-

249 1225 350 1262 rna
391 1208 656 1278 perierit,
711 1205 866 1258 illius
909 1208 1136 1278 sanguis
1174 1209 1247 1260 de·
1285 1209 1542 1261 manibus
1596 1223 1793 1260 eorum
1842 1226 1873 1263 a
1900 1209 2177 1282 ‘Domino
2222 1211 2489 1280 exigetur.

247 1293 556 1364 Praecipue
591 1299 789 1344 auteur
808 1292 910 1344 fiat
937 1301 1074 1344 tunc
1101 1293 1340 1346 monitio
1369 1302 1593 1363 exacta,
1638 1303 1701 1346 ut
1740 1293 1931 1363 ¹dignis
1970 1305 2027 1347 et
2068 1295 2211 1348 bene
2256 1297 2491 1364 meritis,

250 1397 328 1452 qu
317 1392 496 1432 uorum
527 1379 644 1430 vita
673 1373 978 1429 sufficienti
1007 1378 1328 1432 testimonio
1362 1387 1496 1430 nota
1540 1377 1641 1442 sit,
1686 1378 1931 1434 Ordines
1974 1389 2031 1432 et
2052 1380 2333 1434 Beneficia
2372 1381 2491 1436 sino

245 1463 372 1516 ulla
400 1463 720 1534 symoniaca
755 1461 882 1515 labe
907 1463 1290 1518 conferantur.
1372 1464 1446 1515 Et
1481 1479 1646 1532 super
1686 1466 1907 1531 oi’nnia,
1964 1475 2029 1517 ut
2070 1465 2129 1518 in
2173 1463 2489 1521 animarum

250 1565 392 1602 cura
425 1545 855 1612 committenda,
902 1563 1124 1600 summa
1151 1548 1439 1618 diligentia
1482 1557 1539 1600 et
1576 1557 1795 1601 matura
1795 1549 2106 1631 inquisitio
2138 1537 2488 1608 adhibeatur.

246 1633 330 1686 Et
349 1641 414 1684 ut
432 1633 580 1684 bona
613 1631 980 1684 ecclesiastica
1011 1631 1334 1684 nullatenus
1363 1632 1432 1684 ad
1461 1648 1593 1683 usus
1617 1613 1877 1700 illicitos,
1920 1634 2232 1702 quinimmo
2284 1637 2353 1690 ad
2386 1637 2491 1689 ho·-

245 1733 447 1770 norem
477 1709 620 1786 Dei,
663 1715 1041 1769 Ecclesiarum
1075 1716 1587 1783 conservationem,
1638 1716 1919 1783 (habendo
1950 1720 2257 1772 secundum
2304 1737 2493 1774 sacros

249 1805 508 1856 Canones
533 1801 898 1871 praecipuam
923 1817 1120 1871 curam
1151 1817 1458 1871 pauperum
1486 1811 1543 1854 et
1566 1801 1963 1872 indigentium)
1982 1803 2341 1858 laudabiliter
2355 1823 2490 1858 con-

247 1895 562 1940 vertantur:
609 1885 876 1950 scientes,
909 1885 1060 1956 quod
1095 1887 1166 1939 de
1196 1887 1282 1940 his
1315 1886 1571 1938 omnihus
1594 1887 1743 1955 apud
1762 1887 2015 1940 tribunal
2040 1889 2253 1942 aeterni
2284 1890 2489 1944 Iudicis

247 1961 424 2043 nsque
465 1972 538 2024 ad
556 1971 884 2025 *minimum
923 1970 1294 2041 quadrantem
1333 1971 1615 2026 rationem
1651 1971 1931 2024 reddituri
1956 1983 2101 2026 sunt.
2186 1975 2252 2026 In
2288 1969 2489 2045 quibus

251 2057 478 2128 quidem
521 2055 790 2110 Conciliis
831 2055 900 2108 de
939 2055 1288 2126 corrigendis
1331 2056 1638 2109 excessibus
1657 2091 1673 2120 ,
1730 2057 2095 2128 moribusque
2138 2059 2487 2115 subditorum

246 2141 654 2210 reformandis,
697 2147 756 2193 et
773 2141 1090 2222 praecipue
1136 2142 1378 2212 qualiter
1411 2141 1672 2211 Episcopi
1708 2141 1767 2194 in
1816 2143 2165 2196 conferendis
2196 2141 2487 2200 Beneficiis

249 2236 332 2280 et·
347 2225 750 2280 confirmandis
775 2225 1166 2296 electionibus,
1211 2225 1587 2279 ministrandis
1612 2215 1950 2298 Ordinibus,
1992 2228 2323 2298 deputandis
2350 2247 2485 2284 con

243 2312 546 2366 fluoribus
562 2349 579 2379 ,
619 2311 990 2382 praedicando
1021 2312 1092 2363 ad
1120 2311 1396 2382 populum
1423 2320 1481 2365 et
1524 2311 1803 2394 puniendo
1839 2327 2089 2366 excessus
2110 2313 2485 2385 subditorum,

246 2397 746 2467 observationisque
779 2389 1178 2467 episcopalium
1206 2395 1555 2466 Synodorum
1573 2434 1592 2462 ,
1620 2397 1959 2467 caeterisque
1986 2399 2057 2450 ad
2090 2399 2341 2452 officium
2370 2402 2487 2470 epi-

246 2486 470 2555 scopale
497 2500 566 2537 ac
593 2480 1034 2537 iurisdictionem
1073 2492 1132 2535 et
1171 2480 1735 2536 administrationem·
1760 2500 1959 2537 eorum
2003 2484 2062 2537 in
2105 2484 2487 2555 spiritualibus

249 2580 306 2623 et
331 2568 736 2641 temporalibus
760 2566 1180 2639 quomodolibet
1207 2567 1589 2638 spectantibus
1610 2584 1671 2619 se
1698 2568 1973 2638 gesserint
2000 2586 2015 2635 ;
2062 2579 2119 2622 et
2149 2572 2487 2639 praesertim

248 2672 319 2709 an
351 2672 386 2707 a
411 2657 733 2724 symoniaca
762 2653 888 2706 labe
917 2670 1116 2706 manus
1137 2652 1390 2706 innoxias
1416 2662 1671 2721 servent,
1714 2652 1951 2725 diligens
1978 2654 2261 2725 inquisitio
2288 2674 2483 2709 secun·-

247 2740 386 2793 dum
417 2740 564 2793 Iuris
588 2738 1004 2809 dispositionem
1041 2738 1168 2795 fiat:
1211 2748 1278 2791 ut
1313 2752 1537 2805 omnes,
1590 2738 1687 2810 qui
1731 2739 1791 2793 in
1830 2740 2146 2808 praemissis
2185 2736 2485 2812 deliquisse

247 2826 525 2895 comperti
541 2825 780 2890 fuerint,
821 2840 924 2894 per
945 2824 1130 2893 ipsum
1159 2823 1477 2878 Concilium
1510 2824 1869 2894 corrigantur
1906 2834 1961 2877 et
1989 2826 2310 2895 puniantur.
2390 2826 2483 2883 'si-

244 2911 370 2964 mili
397 2910 580 2963 modo
604 2909 674 2963 de
707 2909 830 2978 ipso
859 2909 1302 2978 Metropolitano
1341 2909 1491 2961 circa
1534 2909 1723 2963 omnia
1766 2925 1935 2979 supra
1984 2910 2131 2964 dicta
2180 2910 2483 2983 diligenter

241 2996 591 3067 inquiratur,
633 2993 793 3048 cuius
815 3010 1066 3048 excessus
1090 2990 1148 3047 e‘t
1188 2994 1440 3049 defectus
1473 2994 1655 3063 ipsum
1682 2994 1999 3048 Concilium
2043 2996 2223 3049 eidem
2262 2998 2481 3072 specia-
2548 3028 2555 3031 -

243 3080 395 3135 liter
418 3080 734 3151 exprimat,
793 3079 979 3151 ipsum
1017 3079 1368 3133 admonendo
1425 3087 1483 3133 et
1525 3081 1895 3147 obsecrando,
1946 3088 2019 3131 ut
2066 3098 2198 3135 cum
2237 3082 2479 3139 aliorum

241 3166 410 3219 Pater
434 3174 668 3219 vocetur
706 3173 765 3218 et
807 3180 924 3218 esse
967 3165 1196 3232 debeat,
1252 3182 1286 3219 a
1324 3164 1534 3219 talibus
1586 3165 1813 3219 omnino
1855 3165 2101 3219 desistat.
2187 3168 2259 3219 Et
2301 3168 2479 3223 nihilo

241 3253 426 3305 minus
455 3250 874 3319 inquisitionem
911 3250 1025 3304 de‘
1005 3266 1126 3319 ipso
1141 3250 1393 3305 habitam
1413 3289 1432 3317 ,
1472 3250 1535 3303 in
1554 3250 1775 3321 seriptis
1806 3252 2123 3319 redactam,
2164 3251 2235 3307 ad
2268 3256 2479 3309 Roma-

240 3352 378 3391 num
407 3335 736 3391 Pontificem
761 3334 852 3387 vel
881 3333 1056 3387 alium
1085 3334 1206 3389 eius
1224 3336 1609 3407 Superiorem,
1638 3336 1684 3389 si
1716 3352 1883 3405 quem
1912 3336 2147 3402 habeat,
2180 3338 2299 3393 sine
2316 3356 2481 3413 mora

239 3422 620 3487 transmittat,
655 3428 720 3473 nt
746 3420 818 3473 ab
850 3436 918 3472 eo
947 3420 1294 3490 punitionem
1321 3431 1378 3475 et
1399 3422 1857 3475 reformationem
1888 3422 2149 3491 suscipiat
2166 3424 2477 3478 condecen-

239 3514 372 3560 tem.
455 3509 611 3561 Inter
637 3514 896 3573 caetera,
937 3504 985 3557 si
1023 3516 1170 3575 quae
1205 3505 1542 3573 discordiae,
1590 3502 1975 3560 contentiones
2015 3515 2073 3558 et
2120 3506 2473 3582 inimicitiae,

239 3590 388 3645 inter
427 3602 806 3677 quoscumque
841 3590 1149 3661 viguerint,
1191 3608 1337 3662 quae
1381 3592 1631 3661 quietem
1676 3600 1733 3643 et
1759 3590 2226 3661 tranquillitatem
2250 3594 2476 3663 provin-

242 3678 362 3731 ciae
388 3665 612 3747 possent
643 3676 998 3747 perturbare,
1043 3686 1204 3731 curet
1227 3676 1382 3729 omni
1421 3676 1605 3729 studio
1646 3692 1867 3729 sacrum
1903 3676 2220 3729 Concilium
2252 3678 2353 3730 illa
2388 3696 2477 3733 se

242 3761 412 3818 dare.
457 3772 517 3817 et
539 3778 696 3815 more
725 3764 949 3833 piorum
979 3770 1200 3831 patrum
1231 3762 1302 3815 ad
1330 3776 1525 3832 pacem
1554 3762 2025 3832 concordiamque
2054 3760 2301 3817 filiorum
2330 3764 2475 3837 vigi-

205 3845 212 3853 '
237 3846 418 3904 lanter
447 3846 728 3903 intendat..
770 3850 844 3901 Et
865 3846 913 3900 si
937 3846 1084 3901 inter
1098 3852 1328 3919 Regna,
1373 3847 1685 3918 provincias
1704 3854 1765 3901 et
1785 3845 2133 3917 Principatus
2154 3848 2475 3905 huiusmodi

211 3915 541 4008 ³tliwcordias
569 3932 819 3987 suscitari
843 3934 1168 4004 contingat,
1211 3949 1342 3987 mox
1387 3933 1564 3985 sancti
1590 3934 1699 3988 Dei
1738 3932 2009 3986 antistites
2046 3933 2301 3988 Concilia
2341 3952 2475 4007 pro-

238 4019 548 4072 vinciarum
579 4036 806 4073 suarum
845 4018 1016 4071 simul
1041 4019 1376 4089 congregari
1405 4028 1740 4089 procurent,
1784 4026 1841 4070 et
1876 4016 1983 4071 sibi
2014 4018 2258 4073 invicem
2288 4022 2473 4075 consi·

234 4102 376 4157 lium
405 4111 464 4157 et
492 4104 770 4157 auxilium
815 4103 1202 4173 impendentes
1231 4113 1436 4159 cuncta
1461 4104 1869 4159 discordiarum
1894 4104 2149 4157 fomenta
2175 4116 2473 4177 amputare

234 4190 520 4243 studeanti
563 4204 748 4260 nequo
771 4186 882 4243 boo
909 4189 1163 4243 alicuius·
1185 4206 1380 4265 amore
1419 4188 1515 4243 rel
1544 4190 1683 4251 *odio
1724 4190 2205 4265 praetermittant,
2262 4192 2359 4245 sed
2401 4191 2473 4245 ad

231 4274 422 4329 Deum
460 4274 650 4345 solum
685 4282 744 4327 st
777 4274 1020 4329 salntem
1053 4275 1248 4345 populi
1275 4274 1475 4331 mentis
1506 4274 1711 4343 oculos·
1732 4274 2041 4353 erigentes,
2102 4276 2175 4329 ad
2200 4270 2473 4333 *sanctum

232 4360 386 4430 pao?-
409 4374 588 4432 opus,
631 4358 792 4415 cuni
813 4359 1106 4433 tepiffitate
1130 4370 1378 4431 semota,
1415 4359 1771 4443 invigilent.“

993 4444 1017 4469 S
1930 4457 1975 4525 4
2017 4459 2047 4495 *
