2930 4963
2297 375 2505 475 453

237 549 315 616 in
343 547 468 610 hnc
489 556 668 631 parte
691 543 1234 628 supplicationibus
1257 547 1531 610 inclinati
1548 591 1569 626 ,
1610 555 1893 610 semestre
1914 545 2293 630 praedict.-
2324 546 2510 622 (infra

239 651 426 734 qnod
451 651 662 712 *adhuc
693 650 924 723 existis)
967 650 1046 712 ad
1074 670 1300 712 annum
1339 673 1374 710 a
1409 639 1553 712 data
1580 651 1979 734 praesentium
2016 648 2509 732 computandum,

241 753 616 814 anctoritate
654 753 1002 835 Apostolica
1043 761 1254 814 tenore
1297 755 1703 834 praesa-tium
1722 771 2137 834 opi-erogamus
2174 751 2404 834 pariter
2446 759 2511 814 et
2584 743 2589 746 ¹

243 855 642 932 extendimus
665 901 683 934 ‚
741 875 868 914 non
909 855 1280 916 obstantibus
1325 855 1867 916 constitutionibus
1912 863 1973 914 et
2010 851 2509 915 ordinationibus

243 957 658 1039 apostolicis,
701 977 818 1018 nec
841 977 968 1018 non
995 959 1274 1020 omnibus
1305 959 1458 1036 illis,
1504 979 1659 1039 quae
1678 958 1985 1020 voluimus
2018 957 2085 1018 iu
2112 955 2291 1016 dictis
2316 955 2509 1018 literis

245 1079 382 1123 non
433 1059 670 1120 obstare
685 1067 724 1135 ‚·
775 1061 1146 1142 caeterisque
1203 1059 1525 1122 canu-ariis
1580 1059 2058 1140 quibuscunque.
2150 1062 2319 1122 Nulli
2369 1081 2511 1142 ergo

251 1162 506 1246 omnino
563 1160 800 1222 homini
847 1163 1062 1242 liceat,
1119 1163 1280 1224 hanc
1325 1162 1607 1244 paginam
1656 1162 1913 1224 Nostrae
1959 1165 2403 1244 prorogationis
2446 1173 2513 1226 et

251 1263 630 1324 extensionis
663 1263 1026 1343 infringere,
1067 1263 1170 1325 vel
1205 1265 1260 1324 ei
1305 1284 1458 1326 ausu
1504 1264 1819 1325 temerario
1860 1266 2181 1327 contraire.
2268 1267 2333 1326 si
2372 1266 2509 1346 quis

253 1375 464 1426 autem
507 1364 630 1426 hoc
687 1375 978 1451 attentare
1035 1367 1507 1450 praesumpserit
1558 1359 2033 1446 indignationem
2076 1367 2511 1450 omnipotentis

253 1467 372 1528 Dei
417 1477 482 1528 et
523 1469 582 1532 Β.
621 1467 786 1528 Petri
813 1477 874 1530 et
909 1469 1112 1544 Pauli,
1153 1471 1587 1552 Apostolorum
1622 1467 1751 1530 eius
1769 1514 1790 1547 ,
1832 1489 1895 1530 se
1934 1472 2181 1534 noverit
2220 1474 2511 1536 incursu-

253 1589 418 1634 rum.
483 1570 718 1642 ,Datum
749 1572 974 1632 Romae
1017 1572 1178 1654 apud
1219 1574 1280 1636 S:
1317 1559 1591 1648 Petrum,
1634 1591 1793 1658 anno
1824 1571 2280 1648 lucarnationiso
2306 1571 2511 1642 domi·-

255 1673 438 1760 nicae¹
465 1671 758 1734 Mvau
771 1719 790 1751 ‚
838 1675 976 1740 Kal.
1007 1675 1170 1736 Iulii.
1253 1675 1647 1750 Bontificatus
1668 1673 1875 1734 Nostri
1900 1695 2057 1734 anno
2088 1675 2161 1742 V.

431 1772 495 1858 §.
544 1779 644 1842 18.
729 1778 916 1854 Leo,
975 1777 1458 1858 Episcopus,
1516 1777 1811 1836 Servus
1866 1779 2291 1838 Servorum
2345 1775 2509 1856 Dei,

259 1875 340 1936 ad
363 1885 716 1959 perpetuam
739 1878 831 1939 rei
859 1879 1224 1940 memoriam.
1292 1879 1599 1938 Romanus
1628 1879 1907 1960 ljontifex
1948 1878 2077 1961 (cui
2102 1889 2197 1940 tot
2220 1887 2511 1960 tantaque

259 1978 332 2040 iu
359 1978 778 2062 spiritualibus
815 1989 878 2040 et
907 1979 1338 2060 temporalibus
1373 1979 1754 2062 providenda
1782 1979 2171 2062 incumbunt)
2204 2001 2409 2044 rerum
2449 1990 2513 2042 et

259 2089 602 2162 temporum
643 2082 932 2163 qualitate
964 2091 1240 2163 pensata,
1283 2085 1579 2144 nonnulla
1616 2091 1805 2168 prout
1836 2083 1914 2142 ad
1958 2093 2319 2144 cunctorum
2360 2084 2513 2144 Cle-

119 2214 140 2224 ·
261 2186 564 2264 rivorum,
621 2183 916 2246 Beneficia
967 2183 1364 2246 ecelesiastica
1393 2177 1447 2245 ‚a
1488 2187 1639 2246 Sede
1690 2187 2041 2268 Apostolic-
2080 2205 2195 2266 pro
2240 2195 2515 2266 tempore

262 2287 715 2370 impetrantium
759 2287 1074 2348 commoda
1117 2296 1180 2348 et
1211 2287 1537 2365 utilitates,
1594 2307 1667 2348 ac
1700 2289 1911 2350 litibus
1950 2298 2013 2350 et
2030 2287 2363 2348 -fraudibns
2396 2286 2514 2346 ob-
2568 2275 2577 2282 ⁶

267 2392 558 2452 viandum
597 2400 879 2474 oportere
913 2389 1242 2472 conspicit,
1284 2390 1601 2454 salubriter
1638 2393 1879 2453 ordinat
1917 2401 1979 2452 et
2005 2390 2289 2471 disponit.
2371 2393 2515 2460 Nu-

229 2504 242 2513 ”
267 2514 388 2579 per
410 2494 708 2575 siquidem
749 2496 910 2557 inte'r
941 2494 1414 2556 constitutiones
1455 2496 1533 2554 ad
1578 2496 1815 2557 laudem
1843 2496 1951 2557 Dei
1982 2504 2043 2557 et
2080 2492 2301 2555 christi
2328 2469 2517 2555 Fide.-

267 2596 415 2657 lium
463 2616 673 2677 pacem
713 2608 774 2657 et
813 2598 1110 2677 quietem,
1167 2598 1244 2659 de
1286 2598 1567 2659 Fratrum
1610 2600 1967 2659 Nostrorum
2022 2595 2315 2676 consilio,
2370 2614 2515 2657 cum

271 2698 632 2759 charissimo
675 2698 742 2758 in
779 2699 1018 2761 Christo
1061 2699 1217 2760 Filio
1257 2700 1481 2761 Nostro
1529 2702 1859 2762 flaciaco
1872 2742 1897 2776 ,
1950 2700 2326 2761 Francorum
2356 2699 2516 2781 Rege

273 2800 778 2875 §hristianissimo
799 2848 824 2882 ,
889 2812 1128 2864 matura
1187 2803 1617 2867 deliberatione
1670 2804 2101 2889 concordatas,
2172 2794 2513 2880 statuimus,

275 2904 436 2985 quod
481 2904 546 2963 in
591 2904 1070 2985 provisionibus,
1131 2926 1280 2987 quas
1325 2910 1601 2989 personis
1640 2908 1956 2989 quibusvis
1994 2905 2183 2986 Regni
2224 2906 2516 2983 Franciae

211 2991 220 2997 ’
274 3014 334 3067 et
369 2998 758 3087 Delphinatiis
800 3018 862 3093 et
903 3008 1232 3069 Comitatus
1267 3011 1572 3072 Diecensis
1616 3021 1676 3071 et
1718 3010 2157 3073 valentinensis
2194 3008 2271 3070 de
2309 3010 2513 3071 Bene·

271 3108 424 3176 ficiis
451 3110 838 3187 vacantibus,
879 3130 988 3171 seu
1014 3117 1179 3173 certo
1214 3114 1394 3175 modo
1423 3112 1763 3191 vacaturis,
1810 3134 1921 3195 per
1948 3113 2069 3173 Nos
2100 3122 2159 3173 et
2180 3114 2517 3175 Successo-

273 3232 366 3273 res
417 3213 674 3272 Nostros
723 3222 784 3272 et
822 3214 1042 3294 ⁶Sedem
1093 3216 1504 3295 praedictam,
1556 3214 1737 3275 etiam
1780 3224 1953 3280 motu
1988 3215 2273 3296 proprio,
2332 3214 2515 3277 etiam
2558 3218 2565 3226 '

277 3298 566 3397 promotis
608 3314 688 3374 ad
713 3314 1012 3377 Ecclesiae
1049 3316 1418 3379 cathedrales
1451 3328 1517 3378 et
1542 3318 2035 3399 metropolitanas
2071 3327 2132 3378 et
2158 3317 2517 3379 Monasteria

281 3414 370 3499 (ut
415 3416 654 3476 obtenta
697 3434 810 3497 per
849 3436 948 3477 eos
987 3418 1282 3479 Beneficia
1333 3421 1597 3483 retinere
1634 3416 1909 3502 possent)
1948 3418 2083 3479 fieri
2124 3419 2515 3498 contingeret,

278 3518 520 3579 illorum
551 3538 734 3581 verus
755 3540 1032 3598 annuus,
1083 3542 1198 3602 per
1223 3522 1517 3583 Florenos
1551 3534 1657 3583 aut
1685 3524 1945 3583 Ducatos
1980 3520 2109 3583 auri
2136 3520 2213 3581 de
2248 3520 2516 3597 camera,
2540 3522 2555 3539 ¹

281 3628 378 3679 aut
423 3619 610 3681 libras
655 3622 1038 3707 Turonensea
1079 3644 1188 3708 spu
1233 3606 1485 3684 alterius
1530 3634 1803 3684 monetae
1858 3625 2125 3685 valorem
2178 3620 2517 3681 secundum

283 3741 652 3786 communem
678 3724 1144 3809 aestimationem
1181 3712 1440 3806 api-imi
1480 3723 1761 3799 deberet,
1802 3709 2073 3805 alioquin
2097 3724 2327 3803 gratias
2352 3724 2521 3805 ipsae

281 3834 468 3902 essent
493 3824 626 3905 ipso
655 3825 790 3887 inre
817 3828 1036 3889 nullae.
1119 3829 1271 3889 Cum
1299 3836 1501 3887 autem
1546 3829 1729 3905 (sicut
1753 3826 2115 3908 accepimus)
2156 3844 2333 3907 saepe
2364 3821 2552 3887 con-s

281 3926 566 4005 tingeret,
624 3948 909 4009 personas
941 3932 1128 4013 Regni
1165 3942 1224 3993 et
1266 3929 1667 4012 Delphinatus
1698 3950 1771 3991 ac
1802 3930 2131 3989 Comitatus
2170 3928 2521 3991 huiusmodi

281 4030 1071 4105 vacationeisseneficiomm
1111 4036 1178 4095 in
1216 4034 1368 4096 locis
1405 4035 1651 4111 remotis
1686 4032 1877 4113 Regni
1916 4052 1989 4108 ac
2030 4030 2419 4113 Delphinatus
2458 4042 2523 4095 et·
2564 4066 2573 4091 t

285 4132 608 4209 comit-atus
635 4138 962 4209 eorundem
979 4184 1000 4213 ,
1041 4156 1154 4219 per
1185 4122 1414 4201 obitum
1448 4156 1565 4218 pro
1594 4145 1865 4216 tempore
1890 4135 2167 4195 vacantia
2190 4136 2521 4212 intellecta,

147 4304 166 4317 ρ
283 4252 486 4297 eorum
513 4238 642 4297 veri
661 4238 886 4301 valoris
910 4240 1189 4301 notitiam
1211 4238 1434 4301 babere
1457 4256 1585 4299 non
1612 4256 1783 4319 posse
1810 4245 1874 4297 et
1896 4236 2031 4297 veri
2050 4238 2275 4301 valoris
2299 4237 2517 4301 huius-

283 4337 446 4399 modi
485 4338 706 4403 notitia
747 4360 877 4404 non
919 4340 1160 4422 habita,
1211 4342 1292 4405 ad
1331 4342 1442 4405 ills
1475 4363 1515 4423 ,ι
1546 4342 1817 4405 Romano
1846 4339 2145 4403 pontifice
2174 4340 2533 4424 impetran-‘
