2930 4963
393 381 534 452 254,

393 553 572 630 dum,
617 512 873 616 celerem
897 551 1174 614 nuntium
1203 549 1282 612 ad
1305 547 1517 610 Sedem
1548 501 1923 631 praedictam
1960 531 2293 623 destinare,
2336 551 2401 606 et
2424 529 2651 626 signa-

389 667 593 718 turam
631 655 1094 736 supplicationis
1130 675 1311 736 super
1343 653 1591 713 illorum
1640 647 2059 732 impetratione
2076 693 2092 725 ,
2154 667 2299 708 cum
2351 649 2651 710 facultate

261 789 266 792 ·
390 777 606 820 verum
629 775 896 817 annuum
919 757 1186 818 valorem
1203 755 1642 816 Beneficiorum
1664 751 2007 814 huiusmodi
2033 752 2101 810 in
2124 751 2433 812 literarum
2459 771 2651 832 super

388 859 737 922 huiusmodi
781 857 1322 941 supplicationibus
1359 857 1741 939 expeditione
1780 853 2089 934 augendi,'
2112 853 2419 929 obtinere,
2458 862 2521 914 et
2560 853 2651 916 sd
2706 864 2715 874 ⁴

391 961 672 1024 effectum
699 964 1140 1042 possessionem
1170 961 1607 1022 Beneficiorum
1635 957 1977 1020 huiusmodi
2008 957 2390 1037 assequendi,
2431 957 2647 1016 literas

391 1057 578 1146 super
599 1063 966 1139 §huiusmodi
997 1064 1521 1144 impetrationibus
1539 1111 1557 1143 ,
1604 1083 1740 1124 cum
1768 1061 1969 1120 minus
2003 1079 2148 1119 vera
2180 1060 2405 1120 valoris
2428 1059 2657 1120 Bene-⁴

387 1167 667 1228 ficiorum
709 1166 1033 1226 eorundem
1071 1167 1453 1248 expressione
1481 1165 1797 1246 expedire,
1842 1171 1903 1222 et
1934 1163 2159 1242 absque
2199 1181 2407 1222 eorum
2438 1161 2644 1242 culpa,

391 1267 700 1348 diligentia
731 1276 792 1327 et
817 1269 1094 1350 expensis
1119 1290 1231 1351 pro
1261 1268 1685 1352 impetratione
1720 1264 2066 1326 huiusmodi
2091 1263 2413 1349 obtinenda
2438 1263 2644 1338 factis,

393 1381 456 1432 et
483 1369 688 1450 :gratia
729 1370 816 1430 eis
860 1383 892 1430 a
932 1371 1116 1432 Nobis
1161 1391 1445 1432 concessa
1494 1379 1555 1430 et
1594 1369 1757 1430 illius
1802 1367 2017 1429 effectu
2060 1365 2339 1428 frustrari
2360 1411 2382 1444 ,
2426 1377 2489 1427 et
2524 1387 2647 1450 per

388 1473 754 1556 posteriores
791 1471 920 1552 (qui
951 1475 1123 1534 nulla
1155 1458 1359 1534 habita
1395 1471 1707 1552 diligentia
1744 1491 1881 1531 cum
1922 1469 2305 1552 expressione
2340 1468 2470 1530 veri
2515 1489 2645 1529 va-

388 1576 570 1653 loris,
615 1557 819 1635 eadem
856 1576 1150 1636 Beneficia
1195 1598 1230 1636 a
1274 1577 1425 1636 Sede
1464 1574 1770 1656 praedicta
1808 1569 2237 1654 impetrarunt)
2280 1571 2527 1632 excludi
2564 1592 2644 1632 ac

389 1678 646 1758 desuper
691 1687 1010 1760 propterea
1057 1678 1396 1738 molestarit
1461 1677 1587 1737 Nos
1605 1721 1624 1748 ,
1684 1677 1787 1756 qui
1844 1675 2226 1735 subditorum
2273 1675 2643 1735 Nostrorum

389 1779 708 1856 commoda
735 1779 993 1840 libenter
1016 1800 1436 1860 procuramus,
1482 1799 1553 1839 ac
1582 1799 1679 1840 eos
1706 1801 1741 1839 a
1760 1778 1969 1838 litibus
1994 1787 2055 1838 et
2080 1779 2356 1858 expensis
2372 1822 2393 1854 ,
2436 1797 2641 1858 quan-

385 1893 518 1944 tum
547 1903 686 1942 cum
715 1881 970 1942 Domino
997 1903 1350 1964 possumus,
1389 1883 1725 1943 relevamus
1742 1927 1760 1960 ‚
1804 1890 1973 1942 motu
2002 1881 2253 1962 proprio
2282 1890 2343 1941 et
2368 1899 2445 1940 ex
2472 1889 2639 1942 certa

388 1985 606 2048 Nostra
623 1983 869 2044 scientia
899 2002 970 2042 sc
1003 1983 1078 2042 de
1094 1983 1471 2065 Apostolieae
1490 1983 1795 2061 potestatis
1822 1985 2198 2066 plenitudine
2229 1982 2551 2044 statuimus
2572 1992 2643 2043 et

389 2087 755 2164 ordinamus,
771 2085 938 2165 quod
959 2085 1034 2145 de
1054 2095 1288 2148 caetero
1302 2089 1605 2170 perpetuis
1630 2087 1851 2149 futuris
1880 2088 2268 2170 temporibus,
2296 2085 2639 2168 impetran-

386 2197 480 2250 tes
508 2188 806 2249 Beneficia
831 2187 1233 2249 ecclesiastica
1261 2189 1326 2248 in
1359 2191 1562 2270 Regno
1578 2233 1596 2268 ,
1637 2188 2006 2271 Delphinus·
2033 2199 2093 2250 et
2120 2172 2421 2250 comitatu
2446 2209 2637 2271 prae-

387 2291 600 2366 dictis,
642 2309 754 2372 per
785 2289 1013 2350 obitum
1045 2291 1345 2352 duntaxat
1373 2294 1685 2372 vacantia,
1729 2293 1781 2353 si
1818 2313 2029 2356 verum
2067 2313 2335 2354 annuum
2363 2293 2635 2354 valorem

269 2449 274 2456 .
385 2393 824 2456 Beneficiorum
879 2393 956 2468 in,
999 2393 1190 2457 literis
1244 2396 1649 2478 Apostolicis,
1720 2415 1867 2476 quae
1915 2395 2276 2475 superdictis
2316 2395 2635 2457 Beneficiis

387 2497 702 2580 expeditae
733 2495 996 2575 suerint,
1037 2518 1166 2559 non
1205 2500 1605 2581 expresserint
1619 2534 1647 2577 ,·
1676 2498 1837 2559 infra
1874 2518 2096 2560 annum
2128 2520 2164 2558 a
2190 2498 2287 2559 die
2318 2499 2453 2558 data
2482 2498 2635 2560 lite-

384 2620 592 2663 rarum
629 2600 952 2660 earundem
992 2604 1498 2683 computandum,
1540 2604 1807 2665 valorem
1850 2600 2050 2683 ipsum
2082 2589 2257 2661 male'
2280 2622 2631 2683 expressum

355 2704 362 2718 '
388 2702 610 2816 corripi
641 2722 751 2783 per
778 2700 1116 2783 officiales,
1161 2704 1238 2765 ad
1263 2726 1412 2785 quos
1441 2705 1749 2787 expeditio
1772 2704 2085 2765 literarum
2110 2702 2456 2765 huiusmodi
2482 2700 2639 2786 per-⁶

383 2806 542 2869 tinet
573 2813 634 2865 et
668 2804 1070 2865 correctiones
1108 2805 1426 2878 literarum
1464 2806 1789 2869 earundem
1826 2806 1961 2867 fieri
1998 2817 2472 2884 consueverunt,
2514 2828 2631 2889 pe·-

384 2918 544 2986 tere,
585 2906 818 2988 ipsique
846 2906 1149 2968 officiales
1177 2909 1444 2991 ipsarum
1474 2909 1786 2970 literarum
1816 2908 2188 2991 expeditioni
2224 2910 2644 2997 praesidentes,

385 3010 466 3071 ad
495 2994 820 3069 eorundem
848 3009 1300 3092 impetrantium
1343 3012 1673 3095 simplicem
1706 3012 2092 3095 petitionem,
2151 3012 2420 3075 valorem
2458 3015 2629 3096 ipso—

385 3130 522 3173 rum
575 3112 650 3173 sd
685 3132 894 3173 verum
947 3126 1212 3175 annuum
1253 3114 1521 3177 valorem
1562 3116 1733 3177 iuxta
1771 3116 2104 3199 petentium
2142 3117 2519 3178 voluntatem
2560 3116 2629 3177 in

373 3214 610 3292 ,eisdem
665 3213 856 3274 literis
911 3216 1200 3278 reducere
1268 3228 1330 3279 et
1399 3216 1697 3298 corrigere
1766 3218 2003 3299 ipsique
2066 3218 2455 3299 impetrantes
2509 3240 2625 3302 pro

385 3324 710 3396 augmento
735 3316 956 3377 valoris
993 3320 1263 3402 expressi
1296 3320 1593 3383 duntaxat
1617 3322 1910 3380 Annatam
1944 3322 2222 3381 Gamerae
2246 3319 2629 3401 Apostolicae

383 3422 620 3481 solvere
651 3418 908 3506 deb-eant
933 3430 996 3481 et
1021 3432 1373 3503 teneantur,
1417 3425 1803 3485 decernentes
1826 3442 2215 3503 quascunque
2244 3422 2624 3503 impetratio-

381 3541 488 3584 nes
519 3521 886 3604 posteriores
915 3524 990 3585 de
1029 3524 1212 3587 dictis
1240 3526 1551 3588 Beneficiis
1570 3572 1586 3600 ,
1622 3526 1856 3587 ratione
1895 3546 2021 3585 non
2062 3508 2462 3605 expresiionis
2494 3522 2623 3590 veri

380 3624 611 3687 valoris
647 3623 1033 3703 huiusmodi,
1089 3628 1248 3689 infra
1295 3618 1525 3690 dictum
1571 3650 1797 3723 gnnum
1839 3629 2060 3705 factas,
2116 3628 2348 3687 nullius
2392 3626 2623 3688 roboris

378 3728 480 3788 vel
511 3728 800 3787 momenti
825 3746 952 3789 esse
963 3752 990 3803 ‚⁸
1015 3737 1074 3789 et
1095 3751 1208 3811 pro
1231 3732 1475 3792 infectis
1506 3730 1709 3791 haberi
1735 3718 1962 3794 debete.
2014 3729 2181 3790 Nulli
2213 3748 2351 3808 ergo
2378 3728 2619 3789 omnino

377 3828 613 3889 homini
667 3829 848 3889 liceat
895 3828 1053 3890 hanc
1094 3811 1371 3911 paginam
1410 3834 1767 3894 Nostrorum
1804 3832 2055 3910 statuti,
2112 3830 2527 3891 ordinationis
2562 3838 2623 3891 et

375 3930 616 3989 Decreti
646 3931 976 4010 infringere
1009 3934 1109 3993 vel
1145 3936 1201 3993 ei
1227 3954 1375 3995 ausu
1404 3937 1717 3997 temerario
1750 3936 2068 3998 contraire.
2154 3935 2221 3993 Si
2254 3934 2387 4015 quis
2422 3940 2621 3993 autem

371 4030 494 4091 hoc
547 4028 842 4093 attentare
881 4037 1376 4117 praesumpserit,
1431 4036 1905 4116 indignationem
1946 4016 2373 4121 omnipotentis
2416 4034 2523 4094 Dei
2564 4042 2622 4094 et

372 4134 444 4195 B.
462 4134 622 4193 Petri
645 4144 706 4193 et
731 4120 919 4213 Pauli,
966 4137 1390 4217 Apostolorum
1418 4140 1563 4217 eius,
1596 4160 1661 4201 se
1687 4144 1928 4204 noverit
1953 4142 2379 4204 incursurum·
2404 4138 2621 4197 Datum

371 4236 600 4298 Romae
641 4236 802 4317 apud
845 4237 906 4296 S.
943 4227 1218 4321 Petrum,
1263 4262 1420 4303 anno
1463 4242 1903 4306 Incarnationis
1942 4244 2279 4307 dominicae
2312 4236 2619 4317 Mnxvn,

371 4338 509 4403 Kal.
545 4326 845 4401 octobris.
930 4338 1324 4406 Pontificatus
1353 4344 1561 4409 Nostri
1592 4366 1751 4409 anno
1781 4346 1883 4415 lv.
