2930 4963
417 361 544 466 ta·
607 442 613 451 .

418 552 664 605 sacrum
675 539 1037 621 concilium,
1065 539 1232 623 qnod
1255 539 1701 624 promovendus
1724 559 1837 624 pet
1862 541 2083 624 Papam
2110 541 2669 644 secundum-quanq-

415 643 557 704 ιίιιιιι1
577 645 912 706 clanenhm
939 643 1128 705 huius
1153 643 1412 724 Decreti,
1455 663 1609 724 qnae
1635 643 1883 726 incipit·
1926 645 2083 708 nisi
2123 665 2219 708 ex
2244 667 2305 706 m
2324 665 2513 724 agna
2536 655 2659 711 etc.

413 747 763 808 remittatur
795 746 1250 808 consecrandus
1279 756 1388 808 aut
1439 746 1885 808 benedicendus
1926 747 2007 807 ad
2052 767 2228 808 suum
2272 739 2665 829 Superiorem

417 847 872 928 immediatum,
914 847 1037 908 nisi
1067 849 1269 910 forsan
1291 849 1430 910 talis
1456 833 1907 932 promovendus
1936 850 2125 911 fuerit
2151 864 2441 930 praesens
2452 849 2523 922 in
2535 849 2663 908 Ro-

417 971 593 1011 mana
623 951 835 1030 Curia,
878 971 1002 1033 quo
1035 970 1176 1011 casu
1216 949 1617 1012 nihilominus
1647 949 2025 1030 remittatur,
2068 961 2141 1012 ut
2164 950 2515 1012 huiusmodi
2541 963 2657 1011 suo

321 1237 328 1246 “
413 1251 621 1322 nentur
646 1251 702 1295 et
727 1241 1108 1298 discutiantur.
1193 1219 1280 1297 Et'
1312 1243 1360 1298 si
1403 1243 1607 1298 electio
1638 1243 2019 1300 confirmanda
2064 1243 2140 1300 sit
2180 1242 2270 1298 vel
2298 1243 2659 1314 infirmanda,

414 1327 758 1384 iudicialiter
795 1328 1162 1386 confirmetur
1203 1329 1297 1384 vel
1334 1330 1666 1386 infirmetur.
1753 1333 1827 1384 Et
1870 1341 1947 1396 ut,
1971 1329 2161 1384 omnia
2197 1331 2408 1384 munde
2449 1339 2509 1382 et
2534 1329 2659 1384 sine

416 1413 546 1466 labe
571 1430 639 1466 ec
668 1412 809 1468 labis
839 1413 1156 1484 suspicione
1202 1417 1539 1488 procedant,
1582 1435 1695 1470 non
1733 1417 1919 1472 solum
1958 1415 2180 1488 exigere
2220 1415 2434 1486 aliquid
2476 1433 2659 1486 quan-

417 1506 784 1570 tumcumque
824 1516 1095 1571 parvum,
1152 1499 1248 1554 sed
1293 1503 1461 1557 etiam
1498 1501 1674 1574 gratis
1728 1501 1947 1570 oblata,
2016 1501 2390 1555 confirmator
2434 1502 2657 1554 ratione

419 1571 862 1646 confirmationis
913 1586 1016 1638 sub
1057 1584 1287 1656 nomine
1342 1588 1734 1656 subiectionis,
1790 1587 2047 1654 subsidii,
2108 1583 2495 1660 gratitudinis,
2556 1595 2659 1639 aut

417 1669 530 1722 alio
563 1661 784 1737 colore,
824 1681 1122 1744 praetextu
1145 1671 1382 1730 cuiusvis
1409 1671 1822 1728 consuetudinis
1850 1682 1947 1726 aut
1970 1673 2283 1744 privilegii,
2328 1689 2431 1744 per
2471 1687 2528 1724 se
2562 1669 2657 1724 vel

402 1755 597 1832 *alium
619 1756 948 1810 nullatenus
965 1757 1214 1830 recipere
1244 1769 1580 1856 praesumat.
1642 1759 1887 1813 Notariis
1918 1767 2109 1812 autem
2140 1770 2195 1811 et
2227 1758 2342 1826 his,
2390 1756 2487 1829 qui
2517 1755 2661 1810 scri-

419 1850 647 1914 pserunt
671 1841 730 1894 in
765 1839 1078 1896 huiusmodi
1107 1844 1324 1912 causis,
1365 1843 1812 1899 emolumentum
1847 1844 2072 1916 aliquod
2100 1843 2387 1914 moderate
2412 1851 2659 1911 taxetur,

416 1915 671 1981 habendo
697 1937 1012 1999 respectum
1038 1927 1110 1982 ad
1133 1927 1386 1984 laborem
1412 1939 1477 1984 et
1500 1947 1725 2001 operam
1754 1930 2097 2001 scripturae,
2129 1946 2241 1982 non
2273 1928 2341 1982 ad
2362 1925 2660 1982 fructuum

415 2006 772 2068 Praelaturae
803 2015 1070 2068 valorem.
1137 2014 1214 2082 Si
1249 2033 1384 2068 vero
1419 2013 1849 2100 confirmatores
1884 2015 2156 2086 praedicti
2183 2014 2500 2085 electionis,
2536 2029 2659 2069 ιιοιι

413 2098 646 2155 servatis
677 2099 928 2171 superius
955 2097 1254 2172 ordinatis,
1298 2111 1354 2154 et
1379 2100 1448 2154 de
1474 2101 1723 2174 personis
1744 2118 1857 2154 non
1887 2099 2103 2168 idoneis
2133 2099 2221 2168 (ut
2244 2098 2653 2171 praemittitur)

413 2183 596 2238 factas
640 2185 732 2239 vel
771 2185 910 2240 alias
947 2203 1054 2257 per
1079 2183 1460 2258 symoniacam
1506 2179 1842 2258 pravitatem
1882 2187 2367 2253 confirmaverint,
2422 2200 2488 2238 eo
2529 2185 2657 2256 ipso

413 2270 868 2326 confirmationes
907 2271 1226 2326 huiusmodi
1258 2274 1368 2326 sint
1395 2271 1601 2326 nullae.
1686 2272 2095 2327 Confirmantes
2138 2281 2327 2325 autem
2366 2269 2501 2324 alias
2524 2286 2659 2342 per-

415 2370 612 2424 sonas,
647 2373 818 2429 quam
861 2373 1028 2428 supra
1065 2355 1284 2414 dictum
1318 2367 1434 2428 est,
1476 2376 1581 2429 pro
1620 2376 1688 2412 ea
1726 2357 1878 2414 vice:
1926 2348 2030 2429 per
2056 2357 2435 2428 symoniacam
2464 2366 2659 2418 autem

397 2429 636 2519 labem,
679 2442 728 2497 si
752 2459 877 2497 eam
899 2442 1311 2519 commiserint,
1353 2445 1527 2499 etiam
1564 2441 1899 2499 sententiam
1933 2431 2527 2497 excommunicationis
2567 2441 2657 2497 in-

347 2554 352 2559 ·
413 2518 650 2583 currant
680 2546 746 2582 eo
769 2530 920 2600 ipso,
963 2546 998 2584 a
1023 2548 1132 2601 qua
1157 2530 1263 2588 nisi
1293 2548 1396 2603 per
1421 2536 1741 2587 Romanum
1772 2530 2100 2585 Pontificem
2120 2568 2137 2597 ,
2180 2538 2570 2599 praeterquam
2592 2528 2657 2582 in

415 2615 616 2667 mortis
639 2613 908 2683 articulo,
954 2614 1317 2670 absolutionis
1355 2617 1719 2672 beneficium.
1732 2616 1982 2669 obtinere
2025 2633 2139 2669 non
2158 2614 2404 2685 'possint-
2489 2614 2658 2666 Sum-

414 2714 577 2753 ιιιιιιιι
603 2714 736 2753 vero
768 2699 1130 2767 Pontificem,
1173 2700 1315 2753 haec
1335 2710 1533 2754 sancta
1560 2700 1813 2771 Synodus
1844 2700 2203 2771 exhortatur,
2246 2709 2342 2765 ut,
2376 2716 2507 2751 cum
2529 2712 2658 2770 spe·

413 2782 613 2836 culum
643 2794 700 2837 et
722 2800 920 2837 norma
949 2784 1132 2837 omnis
1140 2781 1467 2839 sanctitatis
1498 2796 1553 2838 et
1580 2758 1892 2838 munditiae
1918 2802 2033 2845 esse
2061 2784 2275 2853 debeat,
2306 2801 2407 2855 pro
2437 2778 2656 2838 Confir-

411 2867 667 2921 mat-ione
691 2886 888 2923 earum
915 2868 1286 2938 electionum,
1305 2875 1447 2942 quas
1473 2872 1546 2925 ad
1573 2888 1703 2925 eum
1732 2868 1936 2925 deferri
1966 2868 2296 2943 contigerit,
2322 2869 2465 2923 nihil
2492 2868 2658 2939 peni-

415 2962 507 3007 tus
532 2952 720 3025 exigat
746 2963 842 3009 aut
870 2954 1142 3025 recipiat:
1175 2955 1459 3027 alioquin,
1501 2955 1549 3009 si
1577 2967 1732 3010 secus
1768 2954 2025 3009 faciendo
2065 2956 2283 3009 notorie
2330 2963 2386 3008 et
2412 2954 2658 3008 incorri-

413 3030 668 3111 gibiliter
697 3056 766 3093 ex
793 3040 902 3093 hoc
937 3038 1245 3095 Ecclesiam
1269 3036 1637 3112 scandalizet,
1680 3043 1871 3097 futuro
1904 3041 2156 3099 Concilio
2188 3040 2490 3097 deferatur.
2544 3039 2657 3094 Pro

415 3120 676 3177 oneribus
709 3135 928 3193 autem,
975 3143 1118 3197 quae
1149 3128 1334 3197 ipsum
1373 3144 1477 3197 pro
1507 3128 1782 3199 regimine
1805 3113 2129 3180 universalis
2156 3126 2436 3181 Ecclesiae
2466 3125 2659 3179 subire

413 3218 669 3305 oportet,
711 3228 924 3281 proque
962 3208 1358 3267 sustentatione
1399 3222 1625 3266 sanctae
1648 3209 1934 3267 Romanae
1960 3211 2249 3265 Ecclesiae
2272 3188 2654 3265 cardinalium

413 3304 472 3349 et
501 3292 742 3349 aliorum
770 3298 1206 3351 necessariorum
1235 3291 1584 3353 officialium
1599 3334 1619 3366 ,
1660 3296 1789 3349 hoc
1794 3296 2017 3353 sacrum
2050 3296 2365 3354 Concilium
2394 3307 2527 3350 ante
2564 3296 2655 3351 sui

411 3377 830 3435 dissolutionem
879 3380 1110 3435 omnino
1151 3374 1348 3435 debite
1375 3392 1432 3437 et
1482 3390 1855 3454 congruenter
1890 3399 2041 3453 prov:
2032 3382 2192 3436 deat.
2265 3380 2475 3454 Quodsi
2519 3398 2659 3447 con-

411 3466 596 3539 tingat
619 3454 862 3541 aliqpia'm
899 3468 1064 3541 cich
1075 3466 1215 3549 haec
1241 3468 1615 3538 provisionem
1629 3485 1744 3521 non
1767 3468 1989 3535 facere,
2034 3478 2173 3521 tunc
2206 3468 2339 3521 illae
2368 3466 2655 3522 Ecclesiae

407 3560 466 3603 et
491 3548 804 3621 Beneficia·²
845 3570 990 3627 quae
1015 3570 1191 3623 usque
1216 3571 1366 3607 nunc
1393 3572 1460 3609 ex
1489 3555 1620 3608 novi
1653 3554 1895 3607 Praelati
1926 3554 2300 3623 assumptione
2330 3562 2543 3605 certam
2568 3562 2661 3607 ta-

408 3653 542 3690 xam
591 3593 898 3704 solverint,
977 3638 1239 3723 deinceps
1283 3640 1643 3694 medietatem
1690 3637 2011 3695 huiusmodi
2057 3656 2254 3711 capere
2299 3656 2401 3709 per
2442 3656 2657 3693 annum
2750 3682 2757 3689 .

405 3730 536 3792 post
558 3724 816 3795 adeptam
843 3714 1135 3794 pacificam
1149 3720 1560 3823 ’possessionem
1593 3726 1822 3784 solvere
1839 3727 1904 3780 in
1927 3724 2175 3795 partibus
2208 3732 2531 3778 teneantur·
2550 3724 2667 3777 du·'

405 3816 602 3861 ratura
643 3808 964 3863 huiusmodi
1005 3806 1348 3881 provisione,
1380 3806 1567 3889 donec
1604 3810 1909 3881 praedictis
1942 3810 2125 3879 Papae
2172 3820 2229 3863 et
2264 3810 2658 3884 sustentationi

409 3892 798 3948 Cardinalium
827 3894 1002 3947 fuerit
1030 3896 1193 3948 aliter
1221 3884 1529 3965 provisum.
1612 3898 1720 3951 Per
1748 3894 1895 3951 llaec
1939 3894 2137 3949 eadem
2178 3904 2369 3949 sancta
2403 3891 2657 3965 synodus

405 3992 524 4029 non
549 3977 791 4032 intendit
819 3978 878 4050 iti
907 3978 1093 4049 aliquo
1129 3978 1514 4051 praeiudicare
1541 3991 1767 4071 sanctae
1798 3984 2087 4039 Romanae
2124 3990 2183 4035 et
2216 3980 2515 4036 universali
2544 3982 2657 4035 Ec·

407 4062 644 4133 clesiae,
687 4082 794 4117 nec
825 4064 989 4117 alteri
1021 4064 1375 4136 cuicumque.

461 4216 470 4223 ⁴
537 4184 762 4257 Datum
779 4184 848 4239 in
866 4149 1120 4241 sessione
1145 4184 1380 4255 publica
1407 4186 1657 4241 eiusdem
1684 4194 1913 4243 sanctae
1944 4144 2196 4258 synodi
2176 4203 2235 4240 ιιι
2264 4184 2503 4239 ecclesia
2530 4202 2658 4240 ma-

333 4268 348 4281 '
407 4266 522 4321 iori
545 4251 846 4322 Basileensi
872 4268 1200 4323 solemniter
1221 4271 1536 4340 celebrata,
1580 4272 1671 4327 die
1703 4272 1890 4345 lunae,
1920 4270 2139 4327 decima
2164 4272 2333 4324 tertia
2360 4270 2513 4343 Iulii,
2554 4288 2657 4327 an-

408 4366 488 4405 no
515 4354 756 4443 Domini
777 4352 1082 4414 millesimo
1099 4392 1117 4424 ,
1147 4356 1719 4451 quadringentesimo,
1752 4359 2045 4433 trigesimo
2072 4356 2299 4413 tertio·“

1229 4480 1250 4559 s
1598 4521 1623 4537 ..
1806 4502 1813 4511 ·
2488 4487 2507 4584 Ι’
