2930 4963
2437 333 2524 402 86

282 503 786 564 Dioecesanorum
816 547 836 575 ‚
903 503 1360 584 Principatuum
1390 548 1409 581 ,
1455 502 1853 563 Domitiorum
1879 546 1902 579 ‚
1956 503 2275 562 Ten-amm
2295 545 2311 578 ,
2350 503 2527 580 Regis

280 605 726 680 ctElectorum
764 603 1467 686 acArehiepiscoporum
1516 603 1997 687 praedictorum,
2038 623 2154 664 nec
2196 623 2321 663 nou
2366 603 2525 662 alio-

277 727 416 768 rum
447 707 926 790 Episcopomm,
969 707 1404 785 Praelatorum,
1460 708 1900 784 Collegiorum,
1952 691 2382 792 personarum,
2423 723 2528 766 seu

271 825 488 882 'rerum
516 827 1041 890 quarumcunque,
1085 820 1300 870 contra
1339 811 1551 871 foedus
1581 810 2039 890 protestationis
2084 819 2145 869 et
2174 807 2527 888 suspensio·

275 913 378 972 nis
419 911 803 990 huiusmodi,
864 913 1408 994 quomodocunque
1431 911 1781 992 vergentia,
1835 909 2210 992 Apostolica,
2266 911 2374 1000 ,vel
2406 908 2527 970 alis

279 1014 496 1095 quavis
541 1015 901 1074 auctoritate
945 1032 1256 1091 concessa,
1313 1036 1384 1075 ac
1425 1015 1494 1074 in
1530 1015 1798 1091 iudicio,
1854 1015 1956 1074 vel
1996 1023 2205 1092 exn-s,
2250 1012 2525 1072 obtentas

277 1117 530 1198 insuper
559 1117 986 1178 ecclesiasticas
1013 1137 1323 1192 censuras,
1365 1119 1622 1177 mulctas
1652 1125 1715 1176 et
1740 1135 1963 1196 poenas
1981 1161 2000 1194 ,
2030 1135 2144 1176 nec
2165 1135 2291 1174 non
2316 1114 2525 1194 cuius·-

279 1237 518 1300 cunque
549 1219 1006 1299 irregularitatis
1043 1228 1104 1280 et
1137 1217 1531 1280 inhabilitatis
1560 1219 1826 1279 maculae
1841 1265 1861 1295 ,
1902 1229 2029 1278 tam
2061 1239 2111 1277 a·
2134 1217 2305 1296 Iure,
2347 1233 2527 1296 quam

275 1319 356 1380 ab
384 1320 662 1398 homine',
706 1332 958 1403 propter
982 1321 1306 1403 praemissa
1351 1321 1802 1402 quomodolibet
1842 1321 2249 1401 promulgatas
2284 1337 2526 1398 quoque

277 1444 388 1484 seu
433 1423 824 1502 infligendas,
879 1423 1084 1506 quoad
1126 1427 1342 1504 Regem
1375 1469 1393 1504 ,
1451 1424 1957 1505 Archiepiscopos
2012 1433 2073 1482 et
2117 1421 2527 1482 Marchionem

276 1527 580 1608 praefatos
599 1575 618 1603 ,
663 1545 988 1607 eorumque
1019 1527 1296 1586 Dominis
1317 1575 1336 1603 ,
1383 1525 1677 1604 clericos,
1720 1527 1993 1586 subditos
2034 1534 2094 1584 et
2124 1523 2423 1599 Vassllos,
2466 1532 2530 1584 et

279 1628 359 1690 ad
387 1649 488 1688 eos
517 1649 754 1709 quoque
772 1675 788 1705 ,
834 1631 939 1709 qui
965 1629 1126 1688 infra
1153 1649 1256 1688 sex
1288 1647 1551 1705 menses,
1596 1649 1629 1688 a
1660 1614 1813 1690 dato‘
1838 1607 2241 1710 praesentium
2270 1647 2527 1708 compu-

277 1731 528 1810 tandos,
573 1753 636 1792 se
665 1711 1102 1792 declaraverint
1139 1751 1252 1810 pro
1281 1731 1499 1808 Nobis,
1564 1741 1669 1791 aut
1714 1727 1911 1791 eidem
1954 1730 2349 1790 declarationi
2404 1729 2529 1790 ad.-

276 1831 608 1911 baeserint3
655 1855 985 1910 cassamus,
1029 1833 1334 1894 irritemus
1363 1842 1422 1894 et
1451 1835 1866 1910 annullamus,
1902 1833 2247 1911 nulliusque
2268 1849 2397 1891 esse
2420 1831 2549 1899 de-‚

278 1935 582 1996 cernimus
605 1937 843 1996 roboris
881 1937 982 1998 vel
1018 1937 1336 2013 momenti3
1385 1958 1627 1998 omnem
1657 1935 2121 2015 irregularitatis
2156 1943 2217 1994 et
2236 1933 2526 1994 infamiae
2605 2001 2621 2018 l

278 2027 574 2099 maculam
598 2083 620 2118 ‚
661 2039 787 2100 sive
823 2049 1065 2117 notam,
1123 2061 1234 2120 per
1269 2059 1370 2100 eos
1415 2041 1883 2122 praemissorum
1915 2037 2229 2098 occasione
2276 2045 2526 2097 contra-

281 2151 476 2221 ctam,
524 2143 766 2222 penitus
803 2142 1153 2218 abolentes3x
1196 2151 1260 2202 st
1299 2164 1400 2214 eos
1441 2142 1891 2202 rehabilitantes
1933 2150 1993 2202 et
2026 2140 2407 2202 restituentes
2450 2138 2529 2198 ad

279 2263 489 2304 eorum
517 2243 847 2322 Ecclesias,
891 2243 1226 2321 Beneficia,
1269 2245 1523 2322 Officia,
1562 2245 1893 2323 Dignitates
1928 2253 1989 2304 et
2031 2243 2307 2303 Honores
2344 2259 2527 2321 quae-

280 2367 554 2426 cunque,
598 2365 668 2406 ac
697 2347 761 2406 in
795 2347 1120 2427 pristinum
1163 2354 1386 2408 statum
1420 2355 1481 2406 et
1507 2349 1786 2424 eum,”in
1818 2367 1938 2427 quo
1964 2354 2137 2408 erant
2162 2353 2303 2406 aute
2345 2363 2526 2424 prae-

276 2449 491 2523 missa,
529 2459 915 2529 reponentes3
958 2469 1076 2509 nec
1100 2469 1226 2509 non
1251 2449 1406 2526 illis,
1437 2449 1539 2530 qui
1564 2460 1776 2511 contra
1798 2451 1960 2531 ipsos
1992 2447 2353 2531 impetratis,
2380 2465 2527 2505 con-

241 2602 246 2605 .
279 2553 461 2613 cessis
501 2552 599 2612 vel
645 2546 936 2623 obtentis,
990 2572 1096 2611 seu
1129 2553 1553 2633 impetrandis,
1616 2552 2013 2613 concedendis
2059 2560 2121 2611 et
2163 2547 2525 2624 obtinendis,

279 2650 732 2735 quomodolibet
769 2655 1137 2732 niterentur,
1182 2656 1409 2715 etiamsi
1437 2657 1557 2731 eis,
1602 2664 1707 2715 aut
1738 2676 1945 2716 eorum
1972 2652 2158 2735 alicui
2201 2650 2299 2711 Ius
2328 2670 2523 2729 quae-

278 2758 460 2819 situm
489 2758 682 2834 soret,
725 2750 800 2819 e'x
823 2768 985 2843 certa
1017 2760 1286 2837 scientia,
1313 2760 1387 2820 de
1413 2758 1728 2843 potestatis
1755 2758 2137 2841 plenitudine
2162 2762 2525 2837 perpetuum

277 2862 584 2948 silentium
619 2860 1018 2947 imponentes.
1067 2900 1076 2911 ·
2010 2864 2013 2867 ’
2390 2844 2393 2847 ’

424 2961 490 3045 §.
532 2969 631 3028 7:
679 2964 936 3047 Insuper
977 2986 1366 3048 quascunque
1410 2968 1799 3048 obligationes
1853 2986 2034 3046 super
2072 2964 2357 3041 Annatis,
2414 2983 2521 3023 seu

279 3066 694 3127 communibus
736 3079 796 3128 et
838 3052 1088 3129 minuas
1146 3071 1445 3149 servitiis,
1507 3071 1868 3148 caeterisque
1906 3068 2195 3150 Iuribus,
2236 3068 2419 3129 Nobis
2464 3076 2524 3127 et

277 3172 554 3231 Gamerae
585 3170 1000 3248 Apostolicac,
1045 3193 1153 3233 seu
1190 3174 1452 3253 Collegio
1494 3174 1937 3234 Venerabilium
1966 3172 2246 3235 Fratrum
2276 3172 2521 3231 Nostro-

270 3294 440 3351 runi,
483 3274 952 3344 sanctaeallnae.
1000 3274 1300 3337 Ecclesiae
1347 3277 1783 3355 Cardiualium‚
1822 3276 2200 3357 :caeterisque
2230 3272 2521 3333 officiali-

277 3378 386 3439 bus
427 3378 686 3455 debitis,
747 3397 856 3435 seu
891 3397 1044 3457 quse
1101 3378 1309 3439 deberi.
1351 3380 1729 3455 dicerentur,
1774 3380 2087 3439 occasione
2118 3355 2524 3457 quarumlibet

275 3481 874 3563 metropolitanarum
900 3490 962 3539 et
987 3480 1421 3543 cathedralium
1459 3484 1865 3543 Ecclesiarum
1882 3528 1899 3558 ‚
1948 3480 2305 3541 officiorum
2332 3488 2391 3537 et
2411 3478 2516 3537 Be·

273 3584 631 3645 neficiorum
665 3602 1200 3671 quorumcunque,
1253 3604 1443 3663 usque
1480 3584 1547 3643 in
1591 3593 1962 3665 praesentem
2006 3582 2163 3643 diem
2186 3627 2203 3658 ,
2246 3580 2519 3642 remitti-

275 3707 442 3765 mus,
485 3687 562 3747 de
592 3668 1188 3745 nostra'liberalitate
1241 3686 1580 3745 relaxamus
1623 3684 1850 3767 pariter
1892 3692 1953 3745 et
1995 3684 2319 3761 donamus,
2379 3701 2519 3741 eos-

275 3809 419 3873 que,
464 3791 654 3871 quiin
677 3788 1025 3871 liuiusmodi
1053 3788 1270 3849 debitis
1310 3788 1557 3867 obligati
1584 3797 1814 3862 essent,
1870 3785 1944 3846 sb
1972 3785 2138 3847 omni
2172 3772 2383 3846 ¹eorum
2410 3804 2517 3844 so-

273 3894 500 3955 lutione
525 3892 888 3955 absolvimus
931 3902 992 3951 et
1031 3893 1208 3952 etiam
1247 3889 1594 3955 liberamus.

441 3994 522 4079 §.·
545 3987 616 4061 8.ἱ
655 3995 1140 4077 Dispensationes
1166 4005 1472 4076 praeterea
1501 4014 1927 4077 quascunque,
1970 3990 2089 4053 nisi
2116 3984 2267 4052 tales
2294 3979 2514 4067 forent,

277 4120 416 4181 quas
439 4098 736 4159 hacteuus
769 4098 948 4157 Sedes
979 4098 1330 4178 Apostolica
1360 4100 1688 4159 concedere
1722 4119 1847 4157 non
1891 4096 2234 4171 consuevit,
2276 4092 2515 4155 Indulta

276 4210 570 4283 quoque,
600 4204 803 4292 forum
845 4198 1248 4265 conscientiae
1291 4184 1674 4283 respicientia
1687 4247 1709 4279 ,
1765 4201 1945 4261 etiam
1990 4202 2053 4260 in
2100 4199 2335 4281 casibus
2375 4196 2515 4257 sedi
2552 4232 2603 4261 ,-

263 4304 1048 4389 -Δροοῒοϋοαο,τωᾳῐναίίε,
1105 4327 1217 4367 nec
1256 4295 1380 4367 non
1420 4326 1645 4385 novas,
1708 4326 1821 4387 pro
1864 4302 2334 4389 possessoribus,
2387 4298 2515 4359 sine
