<?xml version="1.0" encoding="UTF-8"?>
<!DOCTYPE html PUBLIC "-//W3C//DTD XHTML 1.0 Transitional//EN"
    "http://www.w3.org/TR/xhtml1/DTD/xhtml1-transitional.dtd">
<html xmlns="http://www.w3.org/1999/xhtml" xml:lang="en" lang="en">
 <head>
  <title>
</title>
<meta http-equiv="Content-Type" content="text/html;charset=utf-8" />
  <meta name='ocr-system' content='tesseract 3.04.00' />
  <meta name='ocr-capabilities' content='ocr_page ocr_carea ocr_par ocr_line ocrx_word'/>
</head>
<body>
  <div class='ocr_page' id='page_1' title='image "./vollstndigesamm01mngoog_0264.png"; bbox 0 0 2930 4963; ppageno 0'>
   <div class='ocr_carea' id='block_1_1' title="bbox 311 294 564 422">
    <p class='ocr_par' dir='ltr' id='par_1_1' title="bbox 311 294 564 422">
     <span class='ocr_line' id='line_1_1' title="bbox 311 294 564 422; baseline 0 0"><span class='ocrx_word' id='word_1_1' title='bbox 311 294 316 300; x_wconf 36' lang='grc'>’</span> <span class='ocrx_word' id='word_1_2' title='bbox 433 353 564 422; x_wconf 74' lang='lat'><strong>250</strong></span> 
     </span>
    </p>
   </div>
   <div class='ocr_carea' id='block_1_2' title="bbox 417 519 2701 2356">
    <p class='ocr_par' dir='ltr' id='par_1_2' title="bbox 417 519 2701 2356">
     <span class='ocr_line' id='line_1_2' title="bbox 429 519 2699 604; baseline 0.001 -20"><span class='ocrx_word' id='word_1_3' title='bbox 429 531 497 584; x_wconf 77' lang='lat' dir='ltr'><strong>ct</strong></span> <span class='ocrx_word' id='word_1_4' title='bbox 537 521 912 602; x_wconf 77' lang='lat' dir='ltr'><strong>singulorum</strong></span> <span class='ocrx_word' id='word_1_5' title='bbox 949 537 1142 604; x_wconf 68' lang='lat' dir='ltr'><strong>supra</strong></span> <span class='ocrx_word' id='word_1_6' title='bbox 1195 521 1501 582; x_wconf 82' lang='lat' dir='ltr'><strong>dictorum</strong></span> <span class='ocrx_word' id='word_1_7' title='bbox 1536 527 1809 602; x_wconf 67' lang='lat' dir='ltr'><strong>paternos</strong></span> <span class='ocrx_word' id='word_1_8' title='bbox 1850 519 2059 582; x_wconf 81' lang='lat' dir='ltr'><strong>literas</strong></span> <span class='ocrx_word' id='word_1_9' title='bbox 2072 563 2093 597; x_wconf 91' lang='lat'><strong>,</strong></span> <span class='ocrx_word' id='word_1_10' title='bbox 2138 530 2263 582; x_wconf 48' lang='lat' dir='ltr'><strong>‘aut</strong></span> <span class='ocrx_word' id='word_1_11' title='bbox 2300 523 2699 586; x_wconf 75' lang='lat' dir='ltr'><strong>authenticas</strong></span> 
     </span>
     <span class='ocr_line' id='line_1_3' title="bbox 429 607 2697 708; baseline 0.002 -24"><span class='ocrx_word' id='word_1_12' title='bbox 429 607 762 705; x_wconf 80' lang='lat' dir='ltr'><strong>scripturas</strong></span> <span class='ocrx_word' id='word_1_13' title='bbox 777 667 800 700; x_wconf 91' lang='lat'>‚</span> <span class='ocrx_word' id='word_1_14' title='bbox 849 623 1034 684; x_wconf 83' lang='lat' dir='ltr'><strong>Nobis</strong></span> <span class='ocrx_word' id='word_1_15' title='bbox 1083 643 1213 685; x_wconf 87' lang='lat' dir='ltr'><strong>non</strong></span> <span class='ocrx_word' id='word_1_16' title='bbox 1261 617 1733 708; x_wconf 64' lang='lat' dir='ltr'><strong>transmitteret,</strong></span> <span class='ocrx_word' id='word_1_17' title='bbox 1783 632 1889 684; x_wconf 85' lang='lat' dir='ltr'><strong>aut</strong></span> <span class='ocrx_word' id='word_1_18' title='bbox 1924 621 2155 684; x_wconf 81' lang='lat' dir='ltr'><strong>Nuntio</strong></span> <span class='ocrx_word' id='word_1_19' title='bbox 2196 625 2417 688; x_wconf 83' lang='lat' dir='ltr'><strong>Nostro</strong></span> <span class='ocrx_word' id='word_1_20' title='bbox 2434 671 2452 702; x_wconf 91' lang='lat'><strong>,</strong></span> <span class='ocrx_word' id='word_1_21' title='bbox 2512 625 2697 708; x_wconf 73' lang='lat' dir='ltr'><strong>apud</strong></span> 
     </span>
     <span class='ocr_line' id='line_1_4' title="bbox 427 724 2697 810; baseline 0.002 -24"><span class='ocrx_word' id='word_1_22' title='bbox 427 727 634 808; x_wconf 85' lang='lat' dir='ltr'><strong>ipsum</strong></span> <span class='ocrx_word' id='word_1_23' title='bbox 665 727 886 808; x_wconf 23' lang='lat' dir='ltr'><strong>‘Regem</strong></span> <span class='ocrx_word' id='word_1_24' title='bbox 931 725 1250 803; x_wconf 79' lang='lat' dir='ltr'><strong>existenti,</strong></span> <span class='ocrx_word' id='word_1_25' title='bbox 1295 747 1408 810; x_wconf 87' lang='lat' dir='ltr'><strong>per</strong></span> <span class='ocrx_word' id='word_1_26' title='bbox 1453 745 1591 786; x_wconf 87' lang='lat' dir='ltr'><strong>eum</strong></span> <span class='ocrx_word' id='word_1_27' title='bbox 1630 724 1709 786; x_wconf 81' lang='lat' dir='ltr'><strong>ad</strong></span> <span class='ocrx_word' id='word_1_28' title='bbox 1747 725 1869 786; x_wconf 84' lang='lat' dir='ltr'><strong>Nos</strong></span> <span class='ocrx_word' id='word_1_29' title='bbox 1910 724 2297 788; x_wconf 82' lang='lat' dir='ltr'><strong>destinandas</strong></span> <span class='ocrx_word' id='word_1_30' title='bbox 2332 749 2460 790; x_wconf 86' lang='lat' dir='ltr'><strong>non</strong></span> <span class='ocrx_word' id='word_1_31' title='bbox 2512 749 2697 790; x_wconf 81' lang='lat' dir='ltr'><strong>con-</strong></span> 
     </span>
     <span class='ocr_line' id='line_1_5' title="bbox 425 825 2687 911; baseline 0.001 -23"><span class='ocrx_word' id='word_1_32' title='bbox 425 828 694 908; x_wconf 83' lang='lat' dir='ltr'><strong>signaret</strong></span> <span class='ocrx_word' id='word_1_33' title='bbox 731 837 792 892; x_wconf 87' lang='lat' dir='ltr'><strong>et</strong></span> <span class='ocrx_word' id='word_1_34' title='bbox 830 827 1047 890; x_wconf 84' lang='lat' dir='ltr'><strong>deinde</strong></span> <span class='ocrx_word' id='word_1_35' title='bbox 1075 828 1328 907; x_wconf 80' lang='lat' dir='ltr'><strong>singulis</strong></span> <span class='ocrx_word' id='word_1_36' title='bbox 1357 830 1535 890; x_wconf 87' lang='lat' dir='ltr'><strong>annis</strong></span> <span class='ocrx_word' id='word_1_37' title='bbox 1578 828 1757 888; x_wconf 78' lang='lat' dir='ltr'><strong>etiam</strong></span> <span class='ocrx_word' id='word_1_38' title='bbox 1792 826 1910 906; x_wconf 83' lang='lat' dir='ltr'><strong>legi</strong></span> <span class='ocrx_word' id='word_1_39' title='bbox 1940 837 2003 887; x_wconf 88' lang='lat' dir='ltr'><strong>et</strong></span> <span class='ocrx_word' id='word_1_40' title='bbox 2044 825 2261 910; x_wconf 87' lang='lat' dir='ltr'><strong>(prout</strong></span> <span class='ocrx_word' id='word_1_41' title='bbox 2294 832 2443 891; x_wconf 85' lang='lat' dir='ltr'><strong>a1iae</strong></span> <span class='ocrx_word' id='word_1_42' title='bbox 2480 827 2687 911; x_wconf 69' lang='lat' dir='ltr'><strong>ipsiius</strong></span> 
     </span>
     <span class='ocr_line' id='line_1_6' title="bbox 425 911 2687 1012; baseline 0.001 -22"><span class='ocrx_word' id='word_1_43' title='bbox 425 931 784 1012; x_wconf 64' lang='lat' dir='ltr'><strong>stanes-sci,</strong></span> <span class='ocrx_word' id='word_1_44' title='bbox 841 931 1046 1010; x_wconf 79' lang='lat' dir='ltr'><strong>Regis,</strong></span> <span class='ocrx_word' id='word_1_45' title='bbox 1101 931 1579 990; x_wconf 87' lang='lat' dir='ltr'><strong>Constitutiones</strong></span> <span class='ocrx_word' id='word_1_46' title='bbox 1614 937 1677 990; x_wconf 86' lang='lat' dir='ltr'><strong>et</strong></span> <span class='ocrx_word' id='word_1_47' title='bbox 1708 927 2150 1004; x_wconf 71' lang='lat' dir='ltr'><strong>ordinationes,</strong></span> <span class='ocrx_word' id='word_1_48' title='bbox 2184 949 2351 1010; x_wconf 70' lang='lat' dir='ltr'><strong>,quae</strong></span> <span class='ocrx_word' id='word_1_49' title='bbox 2382 934 2451 992; x_wconf 87' lang='lat' dir='ltr'><strong>iu</strong></span> <span class='ocrx_word' id='word_1_50' title='bbox 2484 911 2687 992; x_wconf 47' lang='lat' dir='ltr'><strong>§iridi</strong></span> 
     </span>
     <span class='ocr_line' id='line_1_7' title="bbox 423 1030 2701 1112; baseline 0 -18"><span class='ocrx_word' id='word_1_51' title='bbox 423 1041 572 1094; x_wconf 77' lang='lat' dir='ltr'><strong>sunt</strong></span> <span class='ocrx_word' id='word_1_52' title='bbox 614 1031 992 1094; x_wconf 80' lang='lat' dir='ltr'><strong>observantia</strong></span> <span class='ocrx_word' id='word_1_53' title='bbox 1009 1076 1029 1109; x_wconf 87' lang='lat'><strong>,</strong></span> <span class='ocrx_word' id='word_1_54' title='bbox 1081 1033 1390 1096; x_wconf 81' lang='lat' dir='ltr'><strong>observari</strong></span> <span class='ocrx_word' id='word_1_55' title='bbox 1429 1033 1673 1112; x_wconf 79' lang='lat' dir='ltr'><strong>debent)</strong></span> <span class='ocrx_word' id='word_1_56' title='bbox 1714 1030 2147 1092; x_wconf 80' lang='lat' dir='ltr'><strong>inviolabiliter</strong></span> <span class='ocrx_word' id='word_1_57' title='bbox 2188 1033 2495 1094; x_wconf 77' lang='lat' dir='ltr'><strong>observari</strong></span> <span class='ocrx_word' id='word_1_58' title='bbox 2530 1053 2701 1095; x_wconf 79' lang='lat' dir='ltr'><strong>cum·</strong></span> 
     </span>
     <span class='ocr_line' id='line_1_8' title="bbox 423 1113 2683 1216; baseline 0.002 -22"><span class='ocrx_word' id='word_1_59' title='bbox 423 1133 646 1196; x_wconf 79' lang='lat' dir='ltr'><strong>effectu</strong></span> <span class='ocrx_word' id='word_1_60' title='bbox 681 1155 808 1196; x_wconf 89' lang='lat' dir='ltr'><strong>non</strong></span> <span class='ocrx_word' id='word_1_61' title='bbox 839 1135 1080 1212; x_wconf 79' lang='lat' dir='ltr'><strong>fecerit3</strong></span> <span class='ocrx_word' id='word_1_62' title='bbox 1122 1136 1330 1196; x_wconf 84' lang='lat' dir='ltr'><strong>literae</strong></span> <span class='ocrx_word' id='word_1_63' title='bbox 1359 1134 1529 1216; x_wconf 85' lang='lat' dir='ltr'><strong>ipsae</strong></span> <span class='ocrx_word' id='word_1_64' title='bbox 1558 1143 1619 1193; x_wconf 90' lang='lat' dir='ltr'><strong>et</strong></span> <span class='ocrx_word' id='word_1_65' title='bbox 1646 1113 1789 1193; x_wconf 75' lang='lat' dir='ltr'><strong>imis</strong></span> <span class='ocrx_word' id='word_1_66' title='bbox 1816 1143 2023 1194; x_wconf 87' lang='lat' dir='ltr'><strong>secuta</strong></span> <span class='ocrx_word' id='word_1_67' title='bbox 2054 1153 2443 1215; x_wconf 84' lang='lat' dir='ltr'><strong>quaecunque</strong></span> <span class='ocrx_word' id='word_1_68' title='bbox 2472 1147 2683 1198; x_wconf 85' lang='lat' dir='ltr'><strong>essent</strong></span> 
     </span>
     <span class='ocr_line' id='line_1_9' title="bbox 425 1235 2685 1318; baseline 0.001 -22"><span class='ocrx_word' id='word_1_69' title='bbox 425 1255 592 1296; x_wconf 82' lang='lat' dir='ltr'><strong>cassa</strong></span> <span class='ocrx_word' id='word_1_70' title='bbox 623 1247 684 1298; x_wconf 88' lang='lat' dir='ltr'><strong>et</strong></span> <span class='ocrx_word' id='word_1_71' title='bbox 709 1237 910 1308; x_wconf 84' lang='lat' dir='ltr'><strong>nulla,</strong></span> <span class='ocrx_word' id='word_1_72' title='bbox 953 1236 1298 1318; x_wconf 70' lang='lat' dir='ltr'><strong>nulliusque</strong></span> <span class='ocrx_word' id='word_1_73' title='bbox 1323 1237 1559 1301; x_wconf 87' lang='lat' dir='ltr'><strong>roboris</strong></span> <span class='ocrx_word' id='word_1_74' title='bbox 1578 1235 1679 1298; x_wconf 80' lang='lat' dir='ltr'><strong>vel</strong></span> <span class='ocrx_word' id='word_1_75' title='bbox 1704 1239 2019 1300; x_wconf 82' lang='lat' dir='ltr'><strong>momenti=</strong></span> <span class='ocrx_word' id='word_1_76' title='bbox 2064 1245 2261 1309; x_wconf 87' lang='lat' dir='ltr'><strong>(sacro</strong></span> <span class='ocrx_word' id='word_1_77' title='bbox 2290 1237 2685 1298; x_wconf 79' lang='lat' dir='ltr'><strong>Lateranensi</strong></span> 
     </span>
     <span class='ocr_line' id='line_1_10' title="bbox 424 1328 2683 1422; baseline 0.001 -24"><span class='ocrx_word' id='word_1_78' title='bbox 424 1328 722 1398; x_wconf 73' lang='lat' dir='ltr'><strong>Concilio</strong></span> <span class='ocrx_word' id='word_1_79' title='bbox 743 1337 1142 1422; x_wconf 74' lang='lat' dir='ltr'><strong>approbante)</strong></span> <span class='ocrx_word' id='word_1_80' title='bbox 1188 1343 1539 1422; x_wconf 84' lang='lat' dir='ltr'><strong>Apostolica</strong></span> <span class='ocrx_word' id='word_1_81' title='bbox 1580 1339 1941 1403; x_wconf 85' lang='lat' dir='ltr'><strong>auctoritate</strong></span> <span class='ocrx_word' id='word_1_82' title='bbox 1988 1348 2050 1400; x_wconf 89' lang='lat' dir='ltr'><strong>et</strong></span> <span class='ocrx_word' id='word_1_83' title='bbox 2097 1339 2413 1421; x_wconf 80' lang='lat' dir='ltr'><strong>potestatis</strong></span> <span class='ocrx_word' id='word_1_84' title='bbox 2438 1339 2683 1420; x_wconf 61' lang='lat' dir='ltr'><strong>{pleni-</strong></span> 
     </span>
     <span class='ocr_line' id='line_1_11' title="bbox 423 1439 2683 1523; baseline 0.002 -23"><span class='ocrx_word' id='word_1_85' title='bbox 423 1439 640 1501; x_wconf 80' lang='lat' dir='ltr'><strong>tudine</strong></span> <span class='ocrx_word' id='word_1_86' title='bbox 678 1441 1082 1523; x_wconf 73' lang='lat' dir='ltr'><strong>approbamus</strong></span> <span class='ocrx_word' id='word_1_87' title='bbox 1121 1445 1577 1506; x_wconf 78' lang='lat' dir='ltr'><strong>et&#39;innovamus</strong></span> <span class='ocrx_word' id='word_1_88' title='bbox 1608 1461 1823 1523; x_wconf 85' lang='lat' dir='ltr'><strong>easque</strong></span> <span class='ocrx_word' id='word_1_89' title='bbox 1854 1441 2289 1502; x_wconf 77' lang='lat' dir='ltr'><strong>inviolabiliter</strong></span> <span class='ocrx_word' id='word_1_90' title='bbox 2320 1450 2382 1502; x_wconf 86' lang='lat' dir='ltr'><strong>et</strong></span> <span class='ocrx_word' id='word_1_91' title='bbox 2410 1442 2683 1505; x_wconf 73' lang='lat' dir='ltr'><strong>irrefra—</strong></span> 
     </span>
     <span class='ocr_line' id='line_1_12' title="bbox 425 1533 2681 1625; baseline 0.001 -23"><span class='ocrx_word' id='word_1_92' title='bbox 425 1541 702 1622; x_wconf 73' lang='lat' dir='ltr'><strong>gabiliter</strong></span> <span class='ocrx_word' id='word_1_93' title='bbox 757 1543 1063 1606; x_wconf 82' lang='lat' dir='ltr'><strong>observari</strong></span> <span class='ocrx_word' id='word_1_94' title='bbox 1113 1556 1175 1606; x_wconf 83' lang='lat' dir='ltr'><strong>et</strong></span> <span class='ocrx_word' id='word_1_95' title='bbox 1229 1546 1529 1608; x_wconf 83' lang='lat' dir='ltr'><strong>custodiri</strong></span> <span class='ocrx_word' id='word_1_96' title='bbox 1546 1545 1934 1614; x_wconf 59' lang='lat' dir='ltr'><strong>„mandamus</strong></span> <span class='ocrx_word' id='word_1_97' title='bbox 1990 1543 2295 1624; x_wconf 76' lang='lat' dir='ltr'><strong>roburque</strong></span> <span class='ocrx_word' id='word_1_98' title='bbox 2346 1533 2681 1625; x_wconf 77' lang='lat' dir='ltr'><strong>perpetuae</strong></span> 
     </span>
     <span class='ocr_line' id='line_1_13' title="bbox 423 1645 2681 1729; baseline 0.001 -24"><span class='ocrx_word' id='word_1_99' title='bbox 423 1645 726 1707; x_wconf 80' lang='lat' dir='ltr'><strong>firmitatis</strong></span> <span class='ocrx_word' id='word_1_100' title='bbox 769 1647 839 1708; x_wconf 91' lang='lat' dir='ltr'><strong>in</strong></span> <span class='ocrx_word' id='word_1_101' title='bbox 875 1657 1156 1708; x_wconf 83' lang='lat' dir='ltr'><strong>eventum</strong></span> <span class='ocrx_word' id='word_1_102' title='bbox 1203 1649 1505 1710; x_wconf 85' lang='lat' dir='ltr'><strong>dictarum</strong></span> <span class='ocrx_word' id='word_1_103' title='bbox 1548 1647 2004 1729; x_wconf 69' lang='lat' dir='ltr'><strong>approbationis</strong></span> <span class='ocrx_word' id='word_1_104' title='bbox 2042 1655 2103 1706; x_wconf 86' lang='lat' dir='ltr'><strong>et</strong></span> <span class='ocrx_word' id='word_1_105' title='bbox 2150 1645 2565 1708; x_wconf 82' lang='lat' dir='ltr'><strong>ratificationis</strong></span> <span class='ocrx_word' id='word_1_106' title='bbox 2610 1655 2681 1708; x_wconf 80' lang='lat' dir='ltr'><strong>et</strong></span> 
     </span>
     <span class='ocr_line' id='line_1_14' title="bbox 423 1748 2679 1830; baseline 0 -20"><span class='ocrx_word' id='word_1_107' title='bbox 423 1767 552 1810; x_wconf 81' lang='lat' dir='ltr'><strong>non</strong></span> <span class='ocrx_word' id='word_1_108' title='bbox 575 1749 752 1810; x_wconf 87' lang='lat' dir='ltr'><strong>aliter</strong></span> <span class='ocrx_word' id='word_1_109' title='bbox 777 1769 890 1811; x_wconf 86' lang='lat' dir='ltr'><strong>nec</strong></span> <span class='ocrx_word' id='word_1_110' title='bbox 917 1750 1247 1814; x_wconf 77' lang='lat' dir='ltr'><strong>alio,modo</strong></span> <span class='ocrx_word' id='word_1_111' title='bbox 1277 1751 1583 1827; x_wconf 69' lang='lat' dir='ltr'><strong>obtinere,</strong></span> <span class='ocrx_word' id='word_1_112' title='bbox 1630 1769 1953 1830; x_wconf 84' lang='lat' dir='ltr'><strong>omnesque</strong></span> <span class='ocrx_word' id='word_1_113' title='bbox 1974 1750 2042 1810; x_wconf 88' lang='lat' dir='ltr'><strong>in</strong></span> <span class='ocrx_word' id='word_1_114' title='bbox 2070 1748 2251 1809; x_wconf 86' lang='lat' dir='ltr'><strong>dictis</strong></span> <span class='ocrx_word' id='word_1_115' title='bbox 2276 1749 2467 1810; x_wconf 79' lang='lat' dir='ltr'><strong>literis</strong></span> <span class='ocrx_word' id='word_1_116' title='bbox 2498 1769 2679 1810; x_wconf 83' lang='lat' dir='ltr'><strong>com·-</strong></span> 
     </span>
     <span class='ocr_line' id='line_1_15' title="bbox 420 1849 2677 1933; baseline 0 -21"><span class='ocrx_word' id='word_1_117' title='bbox 420 1849 752 1933; x_wconf 84' lang='lat' dir='ltr'><strong>prebensoa</strong></span> <span class='ocrx_word' id='word_1_118' title='bbox 775 1897 794 1930; x_wconf 92' lang='lat'>‚</span> <span class='ocrx_word' id='word_1_119' title='bbox 843 1851 920 1912; x_wconf 86' lang='lat' dir='ltr'><strong>ad</strong></span> <span class='ocrx_word' id='word_1_120' title='bbox 951 1852 1218 1933; x_wconf 87' lang='lat' dir='ltr'><strong>ipsarum</strong></span> <span class='ocrx_word' id='word_1_121' title='bbox 1243 1854 1555 1914; x_wconf 83' lang='lat' dir='ltr'><strong>literarum</strong></span> <span class='ocrx_word' id='word_1_122' title='bbox 1588 1874 1659 1913; x_wconf 89' lang='lat' dir='ltr'><strong>ac</strong></span> <span class='ocrx_word' id='word_1_123' title='bbox 1688 1853 1958 1913; x_wconf 82' lang='lat' dir='ltr'><strong>omnium</strong></span> <span class='ocrx_word' id='word_1_124' title='bbox 1988 1861 2051 1912; x_wconf 86' lang='lat' dir='ltr'><strong>et</strong></span> <span class='ocrx_word' id='word_1_125' title='bbox 2074 1851 2453 1931; x_wconf 77' lang='lat' dir='ltr'><strong>singulorum</strong></span> <span class='ocrx_word' id='word_1_126' title='bbox 2482 1851 2549 1912; x_wconf 83' lang='lat' dir='ltr'><strong>in</strong></span> <span class='ocrx_word' id='word_1_127' title='bbox 2582 1851 2677 1912; x_wconf 84' lang='lat' dir='ltr'><strong>eis</strong></span> 
     </span>
     <span class='ocr_line' id='line_1_16' title="bbox 421 1942 2675 2036; baseline 0 -22"><span class='ocrx_word' id='word_1_128' title='bbox 421 1942 844 2036; x_wconf 65' lang='lat' dir='ltr'><strong>cipressorum</strong></span> <span class='ocrx_word' id='word_1_129' title='bbox 881 1955 1390 2032; x_wconf 78' lang='lat' dir='ltr'><strong>observationem,</strong></span> <span class='ocrx_word' id='word_1_130' title='bbox 1437 1956 1551 2016; x_wconf 88' lang='lat' dir='ltr'><strong>sub</strong></span> <span class='ocrx_word' id='word_1_131' title='bbox 1584 1955 1849 2018; x_wconf 84' lang='lat' dir='ltr'><strong>censuris</strong></span> <span class='ocrx_word' id='word_1_132' title='bbox 1884 1966 1945 2016; x_wconf 88' lang='lat' dir='ltr'><strong>et</strong></span> <span class='ocrx_word' id='word_1_133' title='bbox 1976 1956 2183 2036; x_wconf 85' lang='lat' dir='ltr'><strong>poenis</strong></span> <span class='ocrx_word' id='word_1_134' title='bbox 2211 1974 2285 2015; x_wconf 84' lang='lat' dir='ltr'><strong>ac</strong></span> <span class='ocrx_word' id='word_1_135' title='bbox 2318 1955 2449 2016; x_wconf 87' lang='lat' dir='ltr'><strong>aliis</strong></span> <span class='ocrx_word' id='word_1_136' title='bbox 2482 1956 2551 2014; x_wconf 88' lang='lat' dir='ltr'><strong>in</strong></span> <span class='ocrx_word' id='word_1_137' title='bbox 2582 1955 2675 2015; x_wconf 86' lang='lat' dir='ltr'><strong>eis</strong></span> 
     </span>
     <span class='ocr_line' id='line_1_17' title="bbox 419 2039 2677 2136; baseline 0 -18"><span class='ocrx_word' id='word_1_138' title='bbox 419 2059 752 2136; x_wconf 86' lang='lat' dir='ltr'><strong>contentis,</strong></span> <span class='ocrx_word' id='word_1_139' title='bbox 808 2061 980 2118; x_wconf 75' lang='lat' dir='ltr'><strong>iuxta</strong></span> <span class='ocrx_word' id='word_1_140' title='bbox 1019 2045 1344 2118; x_wconf 77' lang='lat' dir='ltr'><strong>esi-undem</strong></span> <span class='ocrx_word' id='word_1_141' title='bbox 1385 2057 1699 2119; x_wconf 78' lang='lat' dir='ltr'><strong>literarum</strong></span> <span class='ocrx_word' id='word_1_142' title='bbox 1736 2069 2007 2119; x_wconf 85' lang='lat' dir='ltr'><strong>tenorem</strong></span> <span class='ocrx_word' id='word_1_143' title='bbox 2040 2067 2105 2117; x_wconf 91' lang='lat' dir='ltr'><strong>et</strong></span> <span class='ocrx_word' id='word_1_144' title='bbox 2142 2039 2432 2132; x_wconf 77' lang='lat' dir='ltr'><strong>formam,</strong></span> <span class='ocrx_word' id='word_1_145' title='bbox 2472 2055 2677 2118; x_wconf 80' lang='lat' dir='ltr'><strong>teneri</strong></span> 
     </span>
     <span class='ocr_line' id='line_1_18' title="bbox 419 2157 2673 2239; baseline -0 -19"><span class='ocrx_word' id='word_1_146' title='bbox 419 2169 484 2220; x_wconf 88' lang='lat' dir='ltr'><strong>et</strong></span> <span class='ocrx_word' id='word_1_147' title='bbox 533 2159 824 2239; x_wconf 82' lang='lat' dir='ltr'><strong>obligatos</strong></span> <span class='ocrx_word' id='word_1_148' title='bbox 885 2179 1014 2222; x_wconf 78' lang='lat' dir='ltr'><strong>esse</strong></span> <span class='ocrx_word' id='word_1_149' title='bbox 1063 2161 1446 2222; x_wconf 82' lang='lat' dir='ltr'><strong>decernimus</strong></span> <span class='ocrx_word' id='word_1_150' title='bbox 1494 2170 1561 2222; x_wconf 86' lang='lat' dir='ltr'><strong>et</strong></span> <span class='ocrx_word' id='word_1_151' title='bbox 1608 2161 1999 2222; x_wconf 83' lang='lat' dir='ltr'><strong>declaramus.</strong></span> <span class='ocrx_word' id='word_1_152' title='bbox 2102 2161 2239 2222; x_wconf 85' lang='lat' dir='ltr'><strong>Non</strong></span> <span class='ocrx_word' id='word_1_153' title='bbox 2288 2157 2673 2220; x_wconf 68' lang='lat' dir='ltr'><strong>obstantibus</strong></span> 
     </span>
     <span class='ocr_line' id='line_1_19' title="bbox 417 2261 2672 2356; baseline -0.001 -32"><span class='ocrx_word' id='word_1_154' title='bbox 417 2263 970 2325; x_wconf 69' lang='lat' dir='ltr'><strong>constitutionibus</strong></span> <span class='ocrx_word' id='word_1_155' title='bbox 1013 2273 1074 2323; x_wconf 79' lang='lat' dir='ltr'><strong>et</strong></span> <span class='ocrx_word' id='word_1_156' title='bbox 1111 2263 1593 2326; x_wconf 70' lang='lat' dir='ltr'><strong>ordinationibus</strong></span> <span class='ocrx_word' id='word_1_157' title='bbox 1642 2261 2007 2344; x_wconf 78' lang='lat' dir='ltr'><strong>Apostolicis</strong></span> <span class='ocrx_word' id='word_1_158' title='bbox 2064 2281 2135 2322; x_wconf 89' lang='lat' dir='ltr'><strong>ac</strong></span> <span class='ocrx_word' id='word_1_159' title='bbox 2190 2263 2472 2356; x_wconf 65' lang='lat' dir='ltr'><strong>omnibus</strong></span> <span class='ocrx_word' id='word_1_160' title='bbox 2522 2263 2672 2342; x_wconf 80' lang='lat' dir='ltr'><strong>illis,</strong></span> 
     </span>
    </p>
   </div>
   <div class='ocr_carea' id='block_1_3' title="bbox 311 2363 2673 2450">
    <p class='ocr_par' dir='ltr' id='par_1_3' title="bbox 311 2363 2673 2450">
     <span class='ocr_line' id='line_1_20' title="bbox 311 2363 2673 2450; baseline 0 -24"><span class='ocrx_word' id='word_1_161' title='bbox 311 2429 324 2450; x_wconf 46' lang='grc' dir='ltr'><strong><em>Ι</em></strong></span> <span class='ocrx_word' id='word_1_162' title='bbox 417 2384 570 2447; x_wconf 88' lang='lat' dir='ltr'><strong>quas</strong></span> <span class='ocrx_word' id='word_1_163' title='bbox 607 2366 672 2425; x_wconf 89' lang='lat' dir='ltr'><strong>in</strong></span> <span class='ocrx_word' id='word_1_164' title='bbox 715 2365 892 2427; x_wconf 82' lang='lat' dir='ltr'><strong>dictis</strong></span> <span class='ocrx_word' id='word_1_165' title='bbox 921 2365 1112 2426; x_wconf 87' lang='lat' dir='ltr'><strong>literis</strong></span> <span class='ocrx_word' id='word_1_166' title='bbox 1151 2368 1454 2428; x_wconf 79' lang='lat' dir='ltr'><strong>voluimus</strong></span> <span class='ocrx_word' id='word_1_167' title='bbox 1498 2387 1625 2428; x_wconf 88' lang='lat' dir='ltr'><strong>non</strong></span> <span class='ocrx_word' id='word_1_168' title='bbox 1668 2366 1905 2436; x_wconf 73' lang='lat' dir='ltr'><strong>obstare</strong></span> <span class='ocrx_word' id='word_1_169' title='bbox 1946 2363 2311 2444; x_wconf 81' lang='lat' dir='ltr'><strong>caeterisque</strong></span> <span class='ocrx_word' id='word_1_170' title='bbox 2346 2364 2673 2426; x_wconf 78' lang='lat' dir='ltr'><strong>contrariis</strong></span> 
     </span>
    </p>
   </div>
   <div class='ocr_carea' id='block_1_4' title="bbox 413 2466 2671 2761">
    <p class='ocr_par' dir='ltr' id='par_1_4' title="bbox 413 2466 2671 2761">
     <span class='ocr_line' id='line_1_21' title="bbox 417 2466 2669 2551; baseline -0 -22"><span class='ocrx_word' id='word_1_171' title='bbox 417 2468 896 2549; x_wconf 67' lang='lat' dir='ltr'><strong>quibuscunque.</strong></span> <span class='ocrx_word' id='word_1_172' title='bbox 982 2469 1154 2531; x_wconf 85' lang='lat' dir='ltr'><strong>Nulli·</strong></span> <span class='ocrx_word' id='word_1_173' title='bbox 1177 2490 1318 2551; x_wconf 85' lang='lat' dir='ltr'><strong>ergo</strong></span> <span class='ocrx_word' id='word_1_174' title='bbox 1351 2471 1596 2541; x_wconf 78' lang='lat' dir='ltr'><strong>omnino</strong></span> <span class='ocrx_word' id='word_1_175' title='bbox 1616 2469 1927 2531; x_wconf 85' lang='lat' dir='ltr'><strong>hominum</strong></span> <span class='ocrx_word' id='word_1_176' title='bbox 1952 2466 2159 2546; x_wconf 84' lang='lat' dir='ltr'><strong>liceat,</strong></span> <span class='ocrx_word' id='word_1_177' title='bbox 2195 2466 2356 2527; x_wconf 81' lang='lat' dir='ltr'><strong>hanc</strong></span> <span class='ocrx_word' id='word_1_178' title='bbox 2382 2467 2669 2549; x_wconf 80' lang='lat' dir='ltr'><strong>paginam</strong></span> 
     </span>
     <span class='ocr_line' id='line_1_22' title="bbox 413 2570 2671 2653; baseline -0 -21"><span class='ocrx_word' id='word_1_179' title='bbox 413 2570 668 2633; x_wconf 80' lang='lat' dir='ltr'><strong>Nostrae</strong></span> <span class='ocrx_word' id='word_1_180' title='bbox 724 2572 1174 2653; x_wconf 73' lang='lat' dir='ltr'><strong>approbationis</strong></span> <span class='ocrx_word' id='word_1_181' title='bbox 1202 2618 1220 2652; x_wconf 90' lang='lat'><strong>,</strong></span> <span class='ocrx_word' id='word_1_182' title='bbox 1285 2573 1733 2647; x_wconf 83' lang='lat' dir='ltr'><strong>innovationis,</strong></span> <span class='ocrx_word' id='word_1_183' title='bbox 1798 2571 2101 2647; x_wconf 85' lang='lat' dir='ltr'><strong>mandati,</strong></span> <span class='ocrx_word' id='word_1_184' title='bbox 2160 2570 2397 2633; x_wconf 81' lang='lat' dir='ltr'><strong>Decreti</strong></span> <span class='ocrx_word' id='word_1_185' title='bbox 2438 2579 2503 2631; x_wconf 84' lang='lat' dir='ltr'><strong>et</strong></span> <span class='ocrx_word' id='word_1_186' title='bbox 2546 2572 2671 2632; x_wconf 85' lang='lat' dir='ltr'><strong>de-</strong></span> 
     </span>
     <span class='ocr_line' id='line_1_23' title="bbox 413 2672 2667 2761; baseline 0 -27"><span class='ocrx_word' id='word_1_187' title='bbox 413 2675 767 2735; x_wconf 80' lang='lat' dir='ltr'><strong>clarationis</strong></span> <span class='ocrx_word' id='word_1_188' title='bbox 807 2677 1165 2754; x_wconf 83' lang='lat' dir='ltr'><strong>infringere,</strong></span> <span class='ocrx_word' id='word_1_189' title='bbox 1227 2677 1329 2736; x_wconf 80' lang='lat' dir='ltr'><strong>vel</strong></span> <span class='ocrx_word' id='word_1_190' title='bbox 1371 2675 1443 2735; x_wconf 80' lang='lat' dir='ltr'><strong>ei·</strong></span> <span class='ocrx_word' id='word_1_191' title='bbox 1472 2694 1621 2745; x_wconf 73' lang='lat' dir='ltr'><strong>ausu</strong></span> <span class='ocrx_word' id='word_1_192' title='bbox 1660 2672 1979 2735; x_wconf 84' lang='lat' dir='ltr'><strong>teinerario</strong></span> <span class='ocrx_word' id='word_1_193' title='bbox 2020 2673 2337 2761; x_wconf 58' lang='lat' dir='ltr'><strong>contraire.</strong></span> <span class='ocrx_word' id='word_1_194' title='bbox 2418 2672 2487 2733; x_wconf 87' lang='lat' dir='ltr'><strong>si</strong></span> <span class='ocrx_word' id='word_1_195' title='bbox 2526 2673 2667 2754; x_wconf 73' lang='lat' dir='ltr'><strong>qnia</strong></span> 
     </span>
    </p>
   </div>
   <div class='ocr_carea' id='block_1_5' title="bbox 357 2764 2667 2857">
    <p class='ocr_par' dir='ltr' id='par_1_5' title="bbox 357 2764 2667 2857">
     <span class='ocr_line' id='line_1_24' title="bbox 357 2764 2667 2857; baseline 0 -21"><span class='ocrx_word' id='word_1_196' title='bbox 357 2812 366 2819; x_wconf 94' lang='lat'><em>-</em></span> <span class='ocrx_word' id='word_1_197' title='bbox 415 2784 616 2837; x_wconf 81' lang='lat' dir='ltr'><strong>autem</strong></span> <span class='ocrx_word' id='word_1_198' title='bbox 654 2775 772 2837; x_wconf 87' lang='lat' dir='ltr'><strong>hoc</strong></span> <span class='ocrx_word' id='word_1_199' title='bbox 809 2787 1104 2837; x_wconf 82' lang='lat' dir='ltr'><strong>attentare</strong></span> <span class='ocrx_word' id='word_1_200' title='bbox 1156 2777 1660 2857; x_wconf 78' lang='lat' dir='ltr'><strong>praesumpserit,</strong></span> <span class='ocrx_word' id='word_1_201' title='bbox 1719 2775 2193 2856; x_wconf 83' lang='lat' dir='ltr'><strong>indignationem</strong></span> <span class='ocrx_word' id='word_1_202' title='bbox 2234 2764 2667 2857; x_wconf 73' lang='lat' dir='ltr'><strong>omnipotentis</strong></span> 
     </span>
    </p>
   </div>
   <div class='ocr_carea' id='block_1_6' title="bbox 409 2878 2669 3081">
    <p class='ocr_par' dir='ltr' id='par_1_6' title="bbox 409 2878 2669 3081">
     <span class='ocr_line' id='line_1_25' title="bbox 409 2878 2669 2959; baseline 0.001 -20"><span class='ocrx_word' id='word_1_203' title='bbox 409 2878 528 2939; x_wconf 81' lang='lat' dir='ltr'><strong>‘Dei</strong></span> <span class='ocrx_word' id='word_1_204' title='bbox 571 2898 644 2938; x_wconf 91' lang='lat' dir='ltr'><strong>ac</strong></span> <span class='ocrx_word' id='word_1_205' title='bbox 683 2880 750 2941; x_wconf 89' lang='lat' dir='ltr'><strong>B.</strong></span> <span class='ocrx_word' id='word_1_206' title='bbox 791 2879 950 2941; x_wconf 78' lang='lat' dir='ltr'><strong>Petri</strong></span> <span class='ocrx_word' id='word_1_207' title='bbox 995 2888 1056 2937; x_wconf 84' lang='lat' dir='ltr'><strong>et</strong></span> <span class='ocrx_word' id='word_1_208' title='bbox 1096 2878 1313 2954; x_wconf 86' lang='lat' dir='ltr'><strong>Pauli,</strong></span> <span class='ocrx_word' id='word_1_209' title='bbox 1372 2878 1798 2959; x_wconf 77' lang='lat' dir='ltr'><strong>Apostolorum</strong></span> <span class='ocrx_word' id='word_1_210' title='bbox 1838 2880 1997 2957; x_wconf 86' lang='lat' dir='ltr'><strong>eius,</strong></span> <span class='ocrx_word' id='word_1_211' title='bbox 2056 2878 2402 2940; x_wconf 84' lang='lat' dir='ltr'><strong>se&#39;noverit</strong></span> <span class='ocrx_word' id='word_1_212' title='bbox 2438 2880 2669 2941; x_wconf 78' lang='lat' dir='ltr'><strong>incur-</strong></span> 
     </span>
     <span class='ocr_line' id='line_1_26' title="bbox 415 2980 2667 3081; baseline 0.001 -40"><span class='ocrx_word' id='word_1_213' title='bbox 415 3000 646 3041; x_wconf 85' lang='lat' dir='ltr'><strong>surum.</strong></span> <span class='ocrx_word' id='word_1_214' title='bbox 719 2982 848 3041; x_wconf 85' lang='lat' dir='ltr'><strong>Dat.</strong></span> <span class='ocrx_word' id='word_1_215' title='bbox 887 2983 1140 3058; x_wconf 84' lang='lat' dir='ltr'><strong>Romae,</strong></span> <span class='ocrx_word' id='word_1_216' title='bbox 1195 2982 1286 3081; x_wconf 63' lang='lat'><strong>5¹¹.</strong></span> <span class='ocrx_word' id='word_1_217' title='bbox 1311 2980 1556 3062; x_wconf 87' lang='lat' dir='ltr'><strong>publica</strong></span> <span class='ocrx_word' id='word_1_218' title='bbox 1596 2983 1873 3042; x_wconf 83' lang='lat' dir='ltr'><strong>Sessione</strong></span> <span class='ocrx_word' id='word_1_219' title='bbox 1914 2982 1980 3041; x_wconf 84' lang='lat' dir='ltr'><strong>in</strong></span> <span class='ocrx_word' id='word_1_220' title='bbox 2024 2981 2408 3043; x_wconf 84' lang='lat' dir='ltr'><strong>Latersnensi</strong></span> <span class='ocrx_word' id='word_1_221' title='bbox 2444 3002 2667 3043; x_wconf 85' lang='lat' dir='ltr'><strong>sacro-</strong></span> 
     </span>
    </p>
   </div>
   <div class='ocr_carea' id='block_1_7' title="bbox 413 3082 2665 3262">
    <p class='ocr_par' dir='ltr' id='par_1_7' title="bbox 413 3082 2665 3262">
     <span class='ocr_line' id='line_1_27' title="bbox 413 3082 2665 3146; baseline 0.001 -3"><span class='ocrx_word' id='word_1_222' title='bbox 413 3093 620 3143; x_wconf 83' lang='lat' dir='ltr'><strong>sancta</strong></span> <span class='ocrx_word' id='word_1_223' title='bbox 643 3082 896 3143; x_wconf 83' lang='lat' dir='ltr'><strong>Basilica</strong></span> <span class='ocrx_word' id='word_1_224' title='bbox 925 3084 1273 3145; x_wconf 79' lang='lat' dir='ltr'><strong>solemniter</strong></span> <span class='ocrx_word' id='word_1_225' title='bbox 1297 3085 1611 3146; x_wconf 80' lang='lat' dir='ltr'><strong>celebrata.</strong></span> <span class='ocrx_word' id='word_1_226' title='bbox 1668 3088 1843 3145; x_wconf 84' lang='lat' dir='ltr'><strong>Anno</strong></span> <span class='ocrx_word' id='word_1_227' title='bbox 1872 3084 2303 3145; x_wconf 77' lang='lat' dir='ltr'><strong>incarnationis</strong></span> <span class='ocrx_word' id='word_1_228' title='bbox 2328 3086 2665 3145; x_wconf 83' lang='lat' dir='ltr'><strong>dominicae</strong></span> 
     </span>
     <span class='ocr_line' id='line_1_28' title="bbox 413 3184 2663 3262; baseline 0.001 -15"><span class='ocrx_word' id='word_1_229' title='bbox 413 3184 707 3262; x_wconf 83' lang='lat' dir='ltr'><strong>MDXVI,</strong></span> <span class='ocrx_word' id='word_1_230' title='bbox 759 3187 916 3251; x_wconf 77' lang='lat' dir='ltr'><strong>xlv.</strong></span> <span class='ocrx_word' id='word_1_231' title='bbox 963 3186 1096 3247; x_wconf 85' lang='lat' dir='ltr'><strong>Kal.</strong></span> <span class='ocrx_word' id='word_1_232' title='bbox 1141 3186 1418 3247; x_wconf 81' lang='lat' dir='ltr'><strong>Ianuarii.</strong></span> <span class='ocrx_word' id='word_1_233' title='bbox 1502 3188 1897 3249; x_wconf 81' lang='lat' dir='ltr'><strong>Pontificatus</strong></span> <span class='ocrx_word' id='word_1_234' title='bbox 1936 3188 2141 3247; x_wconf 85' lang='lat' dir='ltr'><strong>Nostri</strong></span> <span class='ocrx_word' id='word_1_235' title='bbox 2180 3210 2339 3251; x_wconf 83' lang='lat' dir='ltr'><strong>anno</strong></span> <span class='ocrx_word' id='word_1_236' title='bbox 2368 3190 2465 3253; x_wconf 76' lang='lat' dir='ltr'><strong>lv.</strong></span> <span class='ocrx_word' id='word_1_237' title='bbox 2558 3190 2663 3249; x_wconf 80' lang='lat' dir='ltr'><strong>Sic</strong></span> 
     </span>
    </p>
   </div>
   <div class='ocr_carea' id='block_1_8' title="bbox 383 3282 2742 3393">
    <p class='ocr_par' dir='ltr' id='par_1_8' title="bbox 383 3282 2742 3393">
     <span class='ocr_line' id='line_1_29' title="bbox 383 3282 2742 3393; baseline 0 -44"><span class='ocrx_word' id='word_1_238' title='bbox 383 3287 740 3367; x_wconf 60' lang='lat' dir='ltr'><strong>”signatumt</strong></span> <span class='ocrx_word' id='word_1_239' title='bbox 787 3289 933 3351; x_wconf 78' lang='lat' dir='ltr'><strong>visa.</strong></span> <span class='ocrx_word' id='word_1_240' title='bbox 993 3290 1058 3349; x_wconf 89' lang='lat' dir='ltr'><strong>Ie</strong></span> <span class='ocrx_word' id='word_1_241' title='bbox 1085 3288 1268 3349; x_wconf 75' lang='lat' dir='ltr'><strong>salvi.</strong></span> <span class='ocrx_word' id='word_1_242' title='bbox 1312 3290 1599 3357; x_wconf 82' lang='lat' dir='ltr'><strong>Renibus.</strong></span> <span class='ocrx_word' id='word_1_243' title='bbox 1644 3292 1729 3357; x_wconf 81' lang='lat'><strong>10.</strong></span> <span class='ocrx_word' id='word_1_244' title='bbox 1764 3290 1839 3350; x_wconf 74' lang='lat' dir='ltr'><strong>ds</strong></span> <span class='ocrx_word' id='word_1_245' title='bbox 1866 3282 2207 3393; x_wconf 42' lang='lat' dir='ltr'><strong>Maste-igal.</strong></span> <span class='ocrx_word' id='word_1_246' title='bbox 2251 3294 2331 3355; x_wconf 83' lang='lat' dir='ltr'><strong>Et</strong></span> <span class='ocrx_word' id='word_1_247' title='bbox 2350 3293 2419 3351; x_wconf 88' lang='lat' dir='ltr'><strong>in</strong></span> <span class='ocrx_word' id='word_1_248' title='bbox 2440 3288 2657 3353; x_wconf 76' lang='lat' dir='ltr'><strong>dorset</strong></span> <span class='ocrx_word' id='word_1_249' title='bbox 2738 3304 2742 3310; x_wconf 86' lang='lat'>&#39;</span> 
     </span>
    </p>
   </div>
   <div class='ocr_carea' id='block_1_9' title="bbox 411 3392 2659 3576">
    <p class='ocr_par' dir='ltr' id='par_1_9' title="bbox 411 3392 2659 3576">
     <span class='ocr_line' id='line_1_30' title="bbox 411 3392 2155 3474; baseline 0 -21"><span class='ocrx_word' id='word_1_250' title='bbox 411 3392 726 3471; x_wconf 69' lang='lat' dir='ltr'><strong>registrata</strong></span> <span class='ocrx_word' id='word_1_251' title='bbox 755 3392 918 3474; x_wconf 82' lang='lat' dir='ltr'><strong>apud</strong></span> <span class='ocrx_word' id='word_1_252' title='bbox 943 3412 1068 3470; x_wconf 89' lang='lat' dir='ltr'><strong>me,</strong></span> <span class='ocrx_word' id='word_1_253' title='bbox 1112 3392 1430 3455; x_wconf 75' lang='lat' dir='ltr'><strong>Bembam.</strong></span> <span class='ocrx_word' id='word_1_254' title='bbox 2124 3430 2155 3466; x_wconf 67' lang='lat' dir='ltr'><em>f</em></span> 
     </span>
     <span class='ocr_line' id='line_1_31' title="bbox 547 3494 2659 3576; baseline -0 -21"><span class='ocrx_word' id='word_1_255' title='bbox 547 3564 562 3570; x_wconf 51' lang='lat'>‚</span> <span class='ocrx_word' id='word_1_256' title='bbox 581 3495 883 3571; x_wconf 83' lang='lat' dir='ltr'><strong>Quocirca</strong></span> <span class='ocrx_word' id='word_1_257' title='bbox 925 3494 1166 3556; x_wconf 82' lang='lat' dir='ltr'><strong>Dilectis</strong></span> <span class='ocrx_word' id='word_1_258' title='bbox 1211 3504 1272 3555; x_wconf 90' lang='lat' dir='ltr'><strong>et</strong></span> <span class='ocrx_word' id='word_1_259' title='bbox 1311 3496 1619 3557; x_wconf 80' lang='lat' dir='ltr'><strong>Fidelibus</strong></span> <span class='ocrx_word' id='word_1_260' title='bbox 1662 3496 2015 3558; x_wconf 86' lang='lat' dir='ltr'><strong>consiliariis</strong></span> <span class='ocrx_word' id='word_1_261' title='bbox 2040 3496 2309 3570; x_wconf 78' lang='lat' dir='ltr'><strong>Nostris,</strong></span> <span class='ocrx_word' id='word_1_262' title='bbox 2350 3495 2431 3555; x_wconf 83' lang='lat' dir='ltr'><strong>ad</strong></span> <span class='ocrx_word' id='word_1_263' title='bbox 2468 3512 2659 3576; x_wconf 76' lang='lat' dir='ltr'><strong>prae-</strong></span> 
     </span>
    </p>
   </div>
   <div class='ocr_carea' id='block_1_10' title="bbox 319 3598 2656 3679">
    <p class='ocr_par' dir='ltr' id='par_1_10' title="bbox 319 3598 2656 3679">
     <span class='ocr_line' id='line_1_32' title="bbox 319 3598 2656 3679; baseline 0.002 -26"><span class='ocrx_word' id='word_1_264' title='bbox 319 3644 326 3653; x_wconf 90' lang='lat'>.</span> <span class='ocrx_word' id='word_1_265' title='bbox 407 3616 544 3659; x_wconf 82' lang='lat' dir='ltr'><strong>sens</strong></span> <span class='ocrx_word' id='word_1_266' title='bbox 587 3598 930 3660; x_wconf 79' lang='lat' dir='ltr'><strong>tenentibus</strong></span> <span class='ocrx_word' id='word_1_267' title='bbox 979 3608 1044 3659; x_wconf 82' lang='lat' dir='ltr'><strong>at</strong></span> <span class='ocrx_word' id='word_1_268' title='bbox 1091 3598 1196 3679; x_wconf 89' lang='lat' dir='ltr'><strong>qui</strong></span> <span class='ocrx_word' id='word_1_269' title='bbox 1239 3598 1306 3659; x_wconf 88' lang='lat' dir='ltr'><strong>in</strong></span> <span class='ocrx_word' id='word_1_270' title='bbox 1359 3601 1632 3661; x_wconf 75' lang='lat' dir='ltr'><strong>futurum</strong></span> <span class='ocrx_word' id='word_1_271' title='bbox 1672 3602 1891 3661; x_wconf 87' lang='lat' dir='ltr'><strong>Nostra</strong></span> <span class='ocrx_word' id='word_1_272' title='bbox 1938 3601 2231 3661; x_wconf 85' lang='lat' dir='ltr'><strong>tenebunt</strong></span> <span class='ocrx_word' id='word_1_273' title='bbox 2269 3598 2656 3670; x_wconf 79' lang='lat' dir='ltr'><strong>Parlamenta,</strong></span> 
     </span>
    </p>
   </div>
   <div class='ocr_carea' id='block_1_11' title="bbox 403 3699 2657 4404">
    <p class='ocr_par' dir='ltr' id='par_1_11' title="bbox 403 3699 2657 4404">
     <span class='ocr_line' id='line_1_33' title="bbox 407 3699 2657 3785; baseline -0 -23"><span class='ocrx_word' id='word_1_274' title='bbox 407 3699 806 3782; x_wconf 86' lang='lat' dir='ltr'><strong>omnibusque</strong></span> <span class='ocrx_word' id='word_1_275' title='bbox 826 3702 1157 3762; x_wconf 85' lang='lat' dir='ltr'><strong>iustitiariis</strong></span> <span class='ocrx_word' id='word_1_276' title='bbox 1177 3702 1362 3781; x_wconf 83' lang='lat' dir='ltr'><strong>Regni</strong></span> <span class='ocrx_word' id='word_1_277' title='bbox 1381 3704 1587 3763; x_wconf 74' lang='lat' dir='ltr'><strong>Nostri</strong></span> <span class='ocrx_word' id='word_1_278' title='bbox 1610 3712 1673 3763; x_wconf 85' lang='lat' dir='ltr'><strong>et</strong></span> <span class='ocrx_word' id='word_1_279' title='bbox 1694 3704 1799 3763; x_wconf 88' lang='lat' dir='ltr'><strong>Del</strong></span> <span class='ocrx_word' id='word_1_280' title='bbox 1802 3702 2083 3785; x_wconf 85' lang='lat' dir='ltr'><strong>phinatus</strong></span> <span class='ocrx_word' id='word_1_281' title='bbox 2108 3713 2167 3763; x_wconf 85' lang='lat' dir='ltr'><strong>et</strong></span> <span class='ocrx_word' id='word_1_282' title='bbox 2184 3702 2515 3763; x_wconf 79' lang='lat' dir='ltr'><strong>Comitatus</strong></span> <span class='ocrx_word' id='word_1_283' title='bbox 2528 3702 2657 3761; x_wconf 83' lang='lat' dir='ltr'><strong>No-</strong></span> 
     </span>
     <span class='ocr_line' id='line_1_34' title="bbox 403 3802 2657 3883; baseline -0 -18"><span class='ocrx_word' id='word_1_284' title='bbox 403 3816 666 3866; x_wconf 84' lang='lat' dir='ltr'><strong>strorum</strong></span> <span class='ocrx_word' id='word_1_285' title='bbox 701 3802 1068 3883; x_wconf 77' lang='lat' dir='ltr'><strong>caeterisque</strong></span> <span class='ocrx_word' id='word_1_286' title='bbox 1097 3803 1400 3867; x_wconf 85' lang='lat' dir='ltr'><strong>officiariis</strong></span> <span class='ocrx_word' id='word_1_287' title='bbox 1435 3815 1495 3866; x_wconf 89' lang='lat' dir='ltr'><strong>et</strong></span> <span class='ocrx_word' id='word_1_288' title='bbox 1522 3806 1775 3867; x_wconf 84' lang='lat' dir='ltr'><strong>subditis</strong></span> <span class='ocrx_word' id='word_1_289' title='bbox 1804 3805 2037 3865; x_wconf 83' lang='lat' dir='ltr'><strong>Nostris</strong></span> <span class='ocrx_word' id='word_1_290' title='bbox 2065 3814 2127 3865; x_wconf 88' lang='lat' dir='ltr'><strong>et</strong></span> <span class='ocrx_word' id='word_1_291' title='bbox 2158 3826 2371 3867; x_wconf 85' lang='lat' dir='ltr'><strong>eorum</strong></span> <span class='ocrx_word' id='word_1_292' title='bbox 2408 3805 2657 3865; x_wconf 79' lang='lat' dir='ltr'><strong>cuilibet</strong></span> 
     </span>
     <span class='ocr_line' id='line_1_35' title="bbox 407 3892 2653 3991; baseline 0 -24"><span class='ocrx_word' id='word_1_293' title='bbox 407 3915 616 3988; x_wconf 85' lang='lat' dir='ltr'><strong>(pr-out</strong></span> <span class='ocrx_word' id='word_1_294' title='bbox 669 3907 746 3968; x_wconf 80' lang='lat' dir='ltr'><strong>ad</strong></span> <span class='ocrx_word' id='word_1_295' title='bbox 803 3926 940 3988; x_wconf 78' lang='lat' dir='ltr'><strong>eum</strong></span> <span class='ocrx_word' id='word_1_296' title='bbox 992 3892 1378 3991; x_wconf 77' lang='lat' dir='ltr'><strong>pertinuerit)</strong></span> <span class='ocrx_word' id='word_1_297' title='bbox 1428 3909 1811 3985; x_wconf 73' lang='lat' dir='ltr'><strong>mandamus,</strong></span> <span class='ocrx_word' id='word_1_298' title='bbox 1874 3908 2203 3970; x_wconf 85' lang='lat' dir='ltr'><strong>districtius</strong></span> <span class='ocrx_word' id='word_1_299' title='bbox 2250 3907 2653 3987; x_wconf 82' lang='lat' dir='ltr'><strong>iniungentcs,</strong></span> 
     </span>
     <span class='ocr_line' id='line_1_36' title="bbox 405 4008 2655 4092; baseline 0.001 -23"><span class='ocrx_word' id='word_1_300' title='bbox 405 4018 700 4088; x_wconf 83' lang='lat' dir='ltr'><strong>quatenus</strong></span> <span class='ocrx_word' id='word_1_301' title='bbox 745 4010 944 4069; x_wconf 84' lang='lat' dir='ltr'><strong>omnia</strong></span> <span class='ocrx_word' id='word_1_302' title='bbox 977 4010 1302 4091; x_wconf 83' lang='lat' dir='ltr'><strong>praemissa</strong></span> <span class='ocrx_word' id='word_1_303' title='bbox 1339 4020 1400 4071; x_wconf 87' lang='lat' dir='ltr'><strong>et</strong></span> <span class='ocrx_word' id='word_1_304' title='bbox 1437 4012 1671 4092; x_wconf 83' lang='lat' dir='ltr'><strong>singula</strong></span> <span class='ocrx_word' id='word_1_305' title='bbox 1705 4022 1955 4081; x_wconf 76' lang='lat' dir='ltr'><strong>teneant</strong></span> <span class='ocrx_word' id='word_1_306' title='bbox 1968 4021 2037 4072; x_wconf 64' lang='lat' dir='ltr'><strong>et</strong></span> <span class='ocrx_word' id='word_1_307' title='bbox 2066 4020 2423 4073; x_wconf 86' lang='lat' dir='ltr'><strong>conservent</strong></span> <span class='ocrx_word' id='word_1_308' title='bbox 2458 4011 2525 4070; x_wconf 85' lang='lat' dir='ltr'><strong>in</strong></span> <span class='ocrx_word' id='word_1_309' title='bbox 2560 4008 2655 4071; x_wconf 83' lang='lat' dir='ltr'><strong>sui</strong></span> 
     </span>
     <span class='ocr_line' id='line_1_37' title="bbox 403 4110 2657 4198; baseline 0.001 -26"><span class='ocrx_word' id='word_1_310' title='bbox 403 4110 666 4198; x_wconf 39' lang='lat' dir='ltr'><strong>roboris·</strong></span> <span class='ocrx_word' id='word_1_311' title='bbox 696 4112 966 4191; x_wconf 85' lang='lat' dir='ltr'><strong>plenaria</strong></span> <span class='ocrx_word' id='word_1_312' title='bbox 1007 4114 1296 4174; x_wconf 77' lang='lat' dir='ltr'><strong>firmitate</strong></span> <span class='ocrx_word' id='word_1_313' title='bbox 1337 4124 1398 4175; x_wconf 89' lang='lat' dir='ltr'><strong>et</strong></span> <span class='ocrx_word' id='word_1_314' title='bbox 1435 4114 1505 4173; x_wconf 89' lang='lat' dir='ltr'><strong>in</strong></span> <span class='ocrx_word' id='word_1_315' title='bbox 1548 4114 1744 4175; x_wconf 82' lang='lat' dir='ltr'><strong>cau-sis</strong></span> <span class='ocrx_word' id='word_1_316' title='bbox 1792 4114 2285 4195; x_wconf 84' lang='lat' dir='ltr'><strong>quibuscunque,</strong></span> <span class='ocrx_word' id='word_1_317' title='bbox 2338 4114 2657 4175; x_wconf 84' lang='lat' dir='ltr'><strong>occasione</strong></span> 
     </span>
     <span class='ocr_line' id='line_1_38' title="bbox 403 4215 2656 4297; baseline 0.002 -25"><span class='ocrx_word' id='word_1_318' title='bbox 403 4215 870 4297; x_wconf 83' lang='lat' dir='ltr'><strong>praemissorum</strong></span> <span class='ocrx_word' id='word_1_319' title='bbox 913 4216 990 4277; x_wconf 81' lang='lat' dir='ltr'><strong>de</strong></span> <span class='ocrx_word' id='word_1_320' title='bbox 1023 4228 1258 4279; x_wconf 80' lang='lat' dir='ltr'><strong>caetero</strong></span> <span class='ocrx_word' id='word_1_321' title='bbox 1299 4218 1551 4281; x_wconf 81' lang='lat' dir='ltr'><strong>orituris</strong></span> <span class='ocrx_word' id='word_1_322' title='bbox 1590 4228 1651 4278; x_wconf 88' lang='lat' dir='ltr'><strong>et</strong></span> <span class='ocrx_word' id='word_1_323' title='bbox 1688 4220 2005 4279; x_wconf 83' lang='lat' dir='ltr'><strong>emersuris</strong></span> <span class='ocrx_word' id='word_1_324' title='bbox 2048 4218 2384 4279; x_wconf 83' lang='lat' dir='ltr'><strong>secundnm</strong></span> <span class='ocrx_word' id='word_1_325' title='bbox 2420 4216 2656 4278; x_wconf 85' lang='lat' dir='ltr'><strong>delibe-</strong></span> 
     </span>
     <span class='ocr_line' id='line_1_39' title="bbox 405 4318 2654 4404; baseline 0 -23"><span class='ocrx_word' id='word_1_326' title='bbox 405 4318 670 4381; x_wconf 82' lang='lat' dir='ltr'><strong>rationes</strong></span> <span class='ocrx_word' id='word_1_327' title='bbox 701 4326 766 4380; x_wconf 83' lang='lat' dir='ltr'><strong>st</strong></span> <span class='ocrx_word' id='word_1_328' title='bbox 795 4320 1204 4381; x_wconf 81' lang='lat' dir='ltr'><strong>conclusiones</strong></span> <span class='ocrx_word' id='word_1_329' title='bbox 1227 4320 1631 4402; x_wconf 82' lang='lat' dir='ltr'><strong>praescriptas</strong></span> <span class='ocrx_word' id='word_1_330' title='bbox 1650 4320 1921 4383; x_wconf 85' lang='lat' dir='ltr'><strong>iudicent</strong></span> <span class='ocrx_word' id='word_1_331' title='bbox 1932 4363 1952 4399; x_wconf 91' lang='lat'><strong>,</strong></span> <span class='ocrx_word' id='word_1_332' title='bbox 1992 4320 2389 4404; x_wconf 80' lang='lat' dir='ltr'><strong>pronuntient</strong></span> <span class='ocrx_word' id='word_1_333' title='bbox 2420 4330 2485 4381; x_wconf 87' lang='lat' dir='ltr'><strong>et</strong></span> <span class='ocrx_word' id='word_1_334' title='bbox 2510 4326 2654 4381; x_wconf 66' lang='lat' dir='ltr'><strong>sen*-</strong></span> 
     </span>
    </p>
   </div>
   <div class='ocr_carea' id='block_1_12' title="bbox 933 4471 946 4507">
    <p class='ocr_par' dir='ltr' id='par_1_12' title="bbox 933 4471 946 4507">
     <span class='ocr_line' id='line_1_40' title="bbox 933 4471 946 4507; baseline 0 0"><span class='ocrx_word' id='word_1_335' title='bbox 933 4471 946 4507; x_wconf 76' lang='grc' dir='ltr'><strong><em>Ι</em></strong></span> 
     </span>
    </p>
   </div>
  </div>
 </body>
</html>
