2930 4963
418 333 509 402 92

422 501 819 582 Dignitatibus
864 507 931 562 et
972 501 1284 564 Beneficiis
1320 499 1782 582 quibuscunque
1813 497 2215 560 saecularibus
2257 505 2320 558 et
2353 497 2668 578 regulari-

420 604 534 666 bus
556 604 891 680 vacaturis,
935 606 1093 666 ultra
1110 605 1562 665 [teser-vationes
1591 603 1710 661 iam
1734 603 1926 662 dictas
1942 647 1960 678 ,
1993 601 2316 662 maioribus
2337 597 2664 678 Dignitati-

420 705 533 765 bus
568 715 708 786 post
740 707 1159 786 pontificales*
1138 727 1207 766 in
1233 681 1682 766 cathedralibus
1707 715 1768 764 et
1797 701 2278 784 principalibus
2261 723 2328 764 m
2365 701 2666 794 collegia-

418 807 497 868 tis
526 805 827 888 exceptis,
872 809 947 868 de
974 809 1188 890 quibus
1225 809 1364 870 Iure
1406 807 1713 869 ordinario
1738 792 2132 888 provideatur
2169 823 2280 884 per
2323 804 2462 862 illos
2495 802 2664 860 inse-

418 907 638 980 riores,
679 911 761 970 'ad
788 931 935 990 quos
972 911 1116 972 alias
1144 911 1436 992 pertinet,
1479 908 1640 969 idem
1660 906 2078 969 sanctissimus
2133 906 2424 966 Dominus
2453 913 2664 964 noster

418 1031 533 1093 per
589 1032 1007 1094 quamcunque
1058 1015 1235 1074 aliam
1288 1013 1813 1089 Reservationem,
1877 1011 2128 1090 gratiam
2168 1007 2660 1089 exspectativam,

418 1124 523 1174 aut
550 1114 825 1194 quamvis
853 1118 1029 1176 aliam
1054 1117 1506 1198 dispositionem
1527 1116 1658 1176 ⁸sub
1689 1119 2054 1196 quacunque
2095 1112 2412 1172 verborum
2444 1111 2661 1186 forma,

412 1237 527 1300 per
568 1237 705 1276 eum
742 1227 846 1278 aut
882 1218 1005 1279 eius
1049 1220 1403 1282 auctoritate
1435 1220 1654 1278 factam
1697 1217 1799 1278 vel
1843 1215 2137 1286 fiendam5
2179 1235 2306 1274 non
2347 1212 2662 1293 impediet,

420 1341 541 1401 quo
573 1321 771 1380 minus
800 1321 875 1382 de
901 1319 1057 1398 illis,
1100 1343 1235 1382 cum
1262 1321 1566 1406 vacabunt
1591 1321 1666 1382 de
1692 1318 1994 1380 mensibus
2020 1316 2367 1392 Februarii,
2411 1313 2662 1395 Aprilis,

417 1421 611 1498 Iunii,
659 1423 948 1504 Augusti,
992 1425 1269 1486 Octobris
1300 1433 1361 1485 et
1394 1422 1736 1484 Decembris
1756 1465 1776 1497 ‚
1827 1422 2014 1480 libere
2055 1419 2408 1502 disponatur
2445 1437 2555 1496 per
2581 1415 2662 1474 il.

413 1525 544 1602 los,
608 1525 685 1586 ad
718 1547 864 1606 quos
926 1527 1205 1599 collatio,
1266 1526 1578 1607 provisio,
1636 1524 2076 1606 praesentatio,
2135 1521 2349 1582 electio
2395 1530 2499 1607 aut
2541 1517 2662 1578 alia

416 1628 665 1711 quaevis
710 1627 1023 1710 dispositio
1068 1631 1413 1711 pertinebit.
1499 1626 2024 1689 Reservationibus
2064 1625 2196 1685 aliis
2233 1622 2542 1704 promissis
2585 1641 2662 1680 ac

416 1730 909 1810 dispositionibus
940 1733 1300 1792 auctoritate
1328 1731 1596 1816 eiusdem
1627 1730 1868 1790 Domini
1899 1729 2092 1788 nostri
2120 1729 2313 1808 Papae
2353 1725 2523 1784 factis
2557 1717 2662 1782 v‘el
2691 1783 2698 1793 ,

416 1832 707 1892 faciendis
748 1854 875 1893 non
921 1833 1300 1893 obstantibus
1352 1834 1828 1913 quibuscunque.
1944 1830 2195 1906 Quoties
2251 1849 2394 1888 vero
2452 1826 2658 1906 aliquo

416 1932 675 1998 vacante
711 1937 1007 1998 Beneficio
1035 1938 1109 1998 de
1138 1937 1443 1996 mensibus
1481 1935 1775 2011 Ianuarii,
1821 1935 2052 2010 Martii,
2125 1931 2298 2007 Maii,
2340 1929 2511 2004 Iulii,
2542 1930 2662 1986 'Se-

414 2038 703 2118 ptembris
735 2047 795 2098 et
832 2038 1215 2115 Novembris,
1260 2037 1647 2120 dispositioni
1684 2038 2063 2118 Apostolicae
2113 2034 2279 2094 Sedis
2319 2029 2657 2106 reservatis,

420 2142 769 2221 apparuerit
794 2141 953 2202 infra
982 2151 1100 2200 tres
1126 2161 1361 2201 menses
1386 2164 1419 2201 a
1450 2141 1547 2202 die
1577 2149 1758 2200 notae
1783 2137 2116 2200 vacationis
2159 2137 2226 2196 in
2259 2136 2394 2194 loco
2421 2131 2660 2193 Benefi-

416 2242 529 2317 cii,
576 2243 741 2324 quod
766 2245 943 2303 alicui
972 2244 1047 2303 de
1075 2223 1183 2304 illo
1209 2231 1557 2324 Apostolica
1586 2241 1942 2302 auctoritate
1971 2239 2152 2299 suerit
2187 2237 2533 2320 provisum,
2577 2255 2661 2294 ex

344 2403 351 2410 ,
412 2353 567 2408 tunc
592 2356 653 2406 et
676 2359 802 2406 non
828 2357 1033 2425 antea,
1079 2347 1439 2408 ordinarius
1464 2346 1564 2406 vel
1591 2345 1780 2421 alius,
1825 2343 1902 2404 ad
1927 2363 2106 2423 quem
2146 2342 2310 2402 illius
2341 2332 2658 2428 dispositio

411 2450 777 2533 pertinebit,
823 2450 897 2511 de
928 2451 1033 2511 illo
1059 2449 1247 2511 libere
1272 2447 1572 2529 disponat.

586 2554 733 2615 Item
758 2554 835 2615 ad
860 2554 1076 2629 finem,
1102 2564 1171 2613 ut
1194 2553 1342 2613 haec
1358 2552 1676 2613 Ordinatio
1705 2548 2038 2631 collationis
2065 2548 2501 2611 Beneficiorum
2531 2568 2660 2609 nou

414 2658 857 2747 reservatorum
901 2677 1011 2735 per
1052 2656 1315 2715 alternos
1352 2674 1584 2715 menses
1621 2653 1816 2733 possit
1855 2674 1966 2733 per
1999 2644 2300 2713 nationefm
2339 2652 2658 2732 publicari,

414 2767 475 2817 et
498 2778 703 2817 omnes
723 2798 744 2833 5
786 2757 889 2836 qui
916 2756 1045 2836 ipsa
1076 2758 1333 2835 gaudere
1372 2758 1708 2833 voluerint,
1751 2765 1986 2835 tempus
2015 2776 2349 2834 congruum
2377 2754 2658 2833 habeant,

420 2860 669 2921 eandem
708 2860 1059 2947 acceptandi
1076 2863 1099 2932 ,'
1141 2870 1292 2919 tunc
1334 2872 1455 2939 quo
1485 2860 1562 2919 ad
1593 2858 1998 2938 Apostolicam
2029 2859 2241 2919 Sedem
2276 2860 2342 2917 in
2367 2858 2656 2919 Kalendis

412 2959 569 3023 Iunii
596 2961 872 3041 proxime
908 2962 1131 3020 futuris
1168 2961 1296 3041 ipsa
1344 2982 1586 3023 currere
1623 2962 1904 3040 incipiet,
1963 2961 2322 3042 durabitque
2354 2962 2657 3041 deinceps,

410 3064 530 3123 nisi
568 3064 634 3123 in
672 3065 878 3125 futuro
930 3055 1199 3125 Concilio
1250 3066 1325 3127 de
1369 3086 1668 3126 consensu
1709 3064 1972 3125 nationis
2017 3065 2192 3125 aliter
2241 3064 2427 3125 fuerit
2471 3064 2660 3125 ordi-

411 3174 644 3229 natum.
1320 3144 1326 3150 ’
1374 3168 1379 3171 ’
2501 3164 2507 3172 ’

580 3268 731 3355 Item
756 3267 917 3327 circa
944 3268 1351 3349 provisionem
1376 3272 1758 3353 Apostolicae
1794 3269 1934 3329 Sedi
1971 3268 2398 3345 ordinandam,
2441 3268 2658 3349 modus

418 3371 789 3433 sanaturum
826 3370 943 3430 hoc
973 3372 1153 3431 modo
1196 3382 1435 3434 curratz
1481 3376 1554 3435 de
1593 3360 1874 3435 Ecclesiis
1911 3371 2350 3434 cathedralibus
2381 3369 2656 3431 omnibus

412 3482 475 3535 et·
505 3462 879 3533 Monasteriis
897 3474 1171 3535 virorum
1206 3474 1536 3554 duntaxat,
1579 3478 1935 3561 vacantibus
1959 3486 2022 3537 et
2049 3474 2384 3551 vacaturis,
2409 3473 2655 3553 solvenff

412 3586 524 3637 tur
552 3598 664 3657 pro
690 3568 1011 3643 ¹functibus
1051 3578 1233 3658 primi
1280 3580 1425 3639 anni
1460 3598 1493 3639 a
1535 3580 2009 3664 clip-vacationis
2052 3598 2317 3637 summae
2351 3575 2656 3659 pecunia-7

405 3697 548 3739 vrum
564 3666 665 3738 ιιι·
677 3678 847 3739 libris
872 3680 1150 3740 Gamerae
1178 3682 1560 3761 Apostolicae
1583 3670 1852 3760 taxatae,
1895 3702 2044 3762 quae
2079 3679 2418 3743 eommunia
2463 3678 2655 3769 servi—-

410 3781 495 3843 tia
528 3790 979 3863 nuncupantur.
1050 3770 1116 3841 Si
1157 3804 1311 3862 quae
1350 3806 1496 3847 vero
1539 3786 1842 3845 excessiv'e
1883 3793 2122 3845 taxatae
2159 3792 2332 3861 sunt,
2373 3790 2662 3841 retexen-

406 3893 541 3959 ται-5
600 3894 663 3943 et
700 3884 1097 3966 provideatur
1131 3886 1471 3965 specialiter
1519 3889 1586 3947 in
1627 3887 1889 3966 gravatis
1927 3886 2270 3967 regionibus
2322 3884 2654 3943 secundum

410 3986 758 4067 qualitatem
794 4007 1028 4063 rerum,
1088 3998 1433 4069 temporum
1473 3998 1533 4050 et
1571 3990 1919 4069 regionum,
1975 4010 2052 4049 ne
2089 3989 2342 4048 nimium
2377 4004 2654 4066 praegra-

408 4098 663 4149 ventur:
706 4090 784 4149 ad
814 4091 981 4169 quod
1010 4092 1289 4157 sanctiss.
1321 4094 1389 4153 D.
1414 4094 1484 4157 N.
1523 4092 1861 4174 petentibus
1902 4092 2071 4153 dabit
2097 4088 2547 4151 Commissarios
2583 4087 2656 4159 iu

404 4190 712 4280 partibus,
756 4192 861 4271 qui
886 4192 1201 4271 diligenter
1220 4195 1538 4274 inquirant
1560 4205 1622 4253 et
1653 4204 1948 4257 retexent.

516 4290 529 4305 ⁴
574 4296 777 4355 Taxae
798 4308 997 4355 autem
1019 4296 1361 4377 praedictae
1400 4318 1516 4380 pro
1557 4298 1754 4359 media
1787 4308 1962 4381 parte
2003 4296 2164 4370 intra
2199 4316 2428 4357 annum
2473 4316 2510 4355 a
2551 4294 2656 4355 die
