2930 4963
2389 375 2518 444 163

252 537 509 598 fuerant
506 555 739 618 ,neque
762 555 829 598 se
849 531 1293 600 'subscribentes
1308 529 1504 602 literis
1521 539 1688 602 aliud
1701 534 2002 612 Biia-ant,
2027 543 2176 604 nisi:
2203 544 2292 602 Sa
2305 561 2348 602 n
2365 563 2401 602 c
2415 551 2442 602 t
2455 543 2516 602 i-

248 641 459 703 tatis
484 641 693 700 Tuae
732 639 999 702 devoti
1044 641 1366 708 Romani
1402 643 1725 724 Imperii
1760 643 2180 718 Principes
2209 645 2520 706 Electo-

250 763 409 803 res.
460 744 611 802 Cum
646 741 891 802 admissi
919 733 996 804 ad
1018 754 1407 822 conspectum
1438 754 1654 838 essent,
1687 740 2111 830 priorAeneas
2134 717 2374 836 locutus
2405 751 2516 831 est

252 865 293 904 ι
294 864 482 922 ogans
502 843 741 925 Papam,
766 854 839 903 ut
853 845 1209 926 Principum
1222 843 1447 922 legatos
1468 851 1525 900 et
1545 842 1777 902 audiret
1791 831 2042 922 benigne
2062 852 2122 902 et
2135 842 2230 902 his
2255 863 2380 904 sese
2393 853 2518 904 tra·

254 945 547 1006 etabilem
576 945 921 1026 praeberet,
950 957 1101 1024 quse
1130 965 1229 1004 res
1262 943 1494 1003 Caesari
1519 953 1672 1005 esset
1703 946 1904 1004 futura
1941 945 2272 1022 gratissima
2303 954 2362 1006 et
2385 947 2514 1006 Ro-

256 1063 481 1110 manae
506 1048 647 1106 Sedi
672 1046 869 1124 utilis,
898 1067 977 1106 ex
1014 1067 1134 1126 qua
1159 1065 1283 1124 pax
1297 1044 1595 1105 Ecclesiae
1623 1045 1897 1106 oriretur.
1943 1047 2085 1106 Post
2116 1066 2249 1106 eum
2277 1049 2513 1106 Heari-

259 1171 381 1210 σιω
420 1149 697 1226 Leubin,
756 1149 1049 1209 Plebanus
1092 1147 1634 1226 Norimbergensis,
1693 1147 1794 1226 qui
1825 1157 2030 1226 postea
2059 1147 2514 1208 Protonotarius

255 1251 465 1312 factus
490 1260 631 1320 est,
676 1271 871 1331 pauca
912 1249 1101 1328 dixit,
1140 1259 1337 1309 totum
1374 1249 1662 1309 orationis
1691 1250 1928 1330 pondus
1971 1249 2266 1331 Gregorio
2290 1251 2516 1310 Helm-

257 1353 593 1432 burgemi,
640 1353 777 1412 viro
816 1353 1080 1414 facundo
1126 1361 1187 1412 et
1222 1351 1387 1431 apud
1419 1351 1758 1411 Theutones
1797 1351 2177 1442 doctiss-imo,
2221 1352 2512 1423 commis·-

258 1475 397 1516 sum
438 1463 549 1516 est.
636 1454 776 1514 Fuit
816 1463 1011 1514 autem
1062 1455 1400 1544 Gregorius
1440 1453 1699 1534 pulchro
1741 1473 2028 1535 corpore,
2089 1441 2320 1515 statura
2361 1454 2516 1515 emi-

258 1555 469 1634 nenti,
512 1555 665 1616 facie
705 1553 891 1626 laeta,
937 1556 1365 1618 illustrioribus
1402 1556 1627 1632 oculis,
1673 1555 1870 1636 capite
1913 1557 2120 1616 calvo·
2105 1601 2122 1634 ,
2187 1557 2290 1618 sed
2321 1578 2514 1638 neque

259 1659 539 1738 linguae,
580 1678 774 1738 neque
806 1658 1069 1718 motibus
1088 1667 1469 1774 temperans,
1515 1659 1610 1718 sui
1651 1658 1914 1736 cerebri,
1956 1659 2112 1718 nulli
2147 1661 2513 1738 auscultans,

262 1771 517 1822 'suorum
550 1782 823 1836 morum,
885 1759 1002 1820 sibi
1043 1759 1287 1830 vivens,
1348 1755 1415 1819 in
1448 1761 1624 1820 ‘omni
1663 1783 1730 1822 re
1771 1762 2108 1838 libertatem
2149 1763 2514 1842 praeferens,

262 1865 565 1926 obscoeno
608 1865 811 1940 cultu,
872 1862 1027 1922 nihil
1065 1863 1461 1932 verecundiae
1499 1862 1764 1940 habens,
1825 1865 2078 1924 ciuicam
2114 1864 2304 1923 vitam
2339 1884 2516 1924 com-

262 1967 574 2028 mendans.
658 1965 1133 2038 niem-ationem
1182 1966 1519 2046 arrogantia
1551 1965 1792 2047 plenam
1832 1965 2079 2027 habuitz
2123 1966 2311 2045 dixit,
2357 1967 2518 2027 Ger·-

262 2069 502 2130 maniae
528 2069 835 2149 Principes
868 2069 1069 2130 unitos
1096 2089 1220 2128 esse
1240 2111 1260 2144 ,
1306 2067 1510 2126 eadem
1537 2061 1694 2128 velle
1719 2076 1778 2140 et
1805 2089 2043 2148 sapere,
2087 2067 2512 2149 Archiepisco-
2555 2136 2559 2142 ,

263 2153 483 2254 ¹porum
519 2171 949 2252 depositionem
992 2171 1361 2232 amarulente
1400 2171 1612 2238 tulisse
1652 2172 1884 2250 animo,
1928 2181 2169 2252 petere,
2210 2179 2284 2232 ut
2309 2192 2513 2232 casse-

264 2285 372 2336 tur
400 2275 905 2354 annulleturque,
926 2331 929 2336 ,
950 2283 1018 2334 ut
1047 2271 1371 2334 auctoritas
1408 2272 1814 2334 conciliorum
1847 2273 2250 2355 approbetur,
2290 2283 2365 2334 ut
2391 2295 2510 2334 na-

265 2377 421 2438 tioni
456 2387 801 2459 opportune
830 2378 1193 2452 consulatur,
1220 2375 1524 2436 Electores
1550 2377 1626 2436 sd
1651 2377 1786 2436 Kal.
1807 2361 2174 2457 Septembris
2198 2375 2510 2440 habituros
2638 2429 2644 2436 .

264 2469 695 2541 francfordiae
724 2481 1095 2540 conventum
1144 2489 1365 2558 atque,
1400 2487 1474 2538 ut
1513 2477 1734 2559 Papam
1775 2477 2158 2559 respondisse
2195 2500 2512 2563 cogno-ve·-

264 2584 427 2662 n‘nt,
473 2578 928 2645 deliberaturos.
1014 2584 1337 2663 Eugenius
1360 2581 1443 2640 ad‘
1464 2580 1614 2641 haec
1639 2600 1750 2641 suo
1781 2600 1950 2640 more
1974 2582 2240 2659 graviter
2270 2592 2340 2643 et
2361 2602 2514 2664 pau..

268 2708 335 2747 ca
361 2686 692 2768 respondit.
749 2685 883 2762 Ait,
925 2704 988 2745 se
1016 2684 1245 2765 magnis
1276 2704 1351 2743 ex
1381 2685 1576 2743 causis
1610 2682 2108 2765 Archiepiscopos
2141 2684 2513 2765 deposuisse,

266 2790 533 2849 maxime
556 2808 699 2847 vero
728 2788 1054 2864 Iacobum,
1100 2788 1560 2865 Treverensem,
1605 2786 1728 2865 qui,
1759 2807 1792 2845 a
1823 2804 1886 2845 se
1909 2784 2255 2849 sublimatus
2283 2798 2342 2848 et
2371 2808 2516 2851 ere·-
2542 2798 2552 2809 ⁸

266 2896 439 2965 ctus,
470 2888 543 2948 de
580 2888 829 2969 pulvere
869 2890 1325 2952 recalcitrasbet.
1424 2890 1864 2949 Auctoritatem
1909 2890 2318 2951 Conciliorum
2348 2912 2515 2953 nun-

266 3010 451 3072 quam
485 3010 549 3052 se
590 2991 1003 3072 parvifecisse,
1050 2992 1152 3052 sed
1200 2990 1610 3081 Apostolica'e
1613 2992 1792 3085 ‘Sedis
1835 2990 2184 3070 dignitatem
2233 2994 2518 3055 eminen-

262 3094 529 3171 tiamque
582 3092 939 3158 defendisse.
1022 3094 1335 3153 Notionem
1376 3094 1545 3153 nolle
1581 3114 1645 3154 se
1699 3098 1982 3174 gravare,
2043 3094 2148 3153 sed
2203 3098 2516 3159 consulere

266 3195 531 3277 optime:
574 3195 716 3275 quia
739 3208 939 3280 tumen
973 3218 1069 3259 res
1096 3207 1295 3257 essent
1317 3216 1555 3277 graves,
1599 3195 1965 3257 deliberandi
1995 3204 2058 3255 et
2089 3197 2381 3258 maturius
2412 3220 2514 3259 re·-

266 3297 613 3379 spondendi
638 3308 875 3381 tempus
912 3300 1253 3381 assumpsit.
1338 3301 1571 3361 Interea
1600 3300 1803 3360 vocati
1833 3300 1907 3359 ad
1937 3299 2285 3359 Cardinales
2313 3300 2512 3383 legati,

266 3420 407 3459 cum
432 3396 661 3461 nullam
693 3404 1107 3465 auctoritatem
1136 3402 1420 3463 haberent
1434 3446 1457 3476 ,
1503 3402 1622 3461 nisi
1645 3402 2068 3481 audirentque
2105 3403 2356 3475 referre,
2409 3403 2516 3463 vi-

266 3521 399 3563 sum
429 3512 518 3563 est
532 3505 811 3585 Eugenio
838 3526 1197 3587 responsum
1226 3505 1401 3583 dare;
1446 3506 1616 3585 prius
1645 3514 1840 3571 tamen
1875 3486 1953 3563 ad
1985 3512 2216 3583 partem
2243 3504 2516 3563 Aeneam

268 3604 508 3665 audivit
530 3614 589 3665 et
618 3618 875 3669 mentem
904 3608 1169 3670 Caesaris
1196 3608 1526 3685 intellexit,
1571 3627 1719 3686 quae
1745 3605 2092 3665 huiusmodi
2125 3606 2258 3668 fuit.
2304 3606 2513 3667 videri

266 3708 669 3769 necessarium
694 3710 1199 3794 Archiepiscopoe
1230 3709 1498 3789 restitui,
1541 3728 1666 3769 non
1711 3717 1910 3769 autem
1954 3707 2174 3767 cassari
2213 3708 2515 3789 privatio·
2642 3707 2648 3718 ‘

264 3830 422 3871 nem.
524 3811 681 3871 Tum
734 3814 968 3873 nationi
1026 3823 1371 3896 opportune
1428 3810 1756 3895 provideri.
1873 3808 2102 3869 Deinde
2158 3808 2512 3872 Decretum:

264 3912 714 3995 Frequens,
754 3914 1243 3977 ‘constantiensis
1292 3914 1549 3975 concilii
1619 3912 2038 3994 recipiendum
2095 3930 2240 3976 esse.
2341 3910 2426 3973 Ea
2461 3913 2518 3974 si

264 4018 589 4097 Eugenius
616 4017 873 4098 faceret,
896 4084 899 4091 ,
920 4020 1195 4079 futurum
1214 4064 1233 4097 ,
1276 4026 1349 4078 ut
1372 4026 1504 4077 tota
1536 4018 1702 4078 natio
1746 4027 1806 4078 et
1836 4013 2284 4076 neutralitatem
2313 4013 2516 4097 depo-

264 4128 439 4179 neret
482 4124 549 4179 'et
590 4120 671 4180 sd
706 4122 985 4202 Bag-mii
1018 4120 1245 4183 rediret
1284 4119 1705 4181 obedientiam.
1803 4118 1914 4178 Sin
1953 4128 2149 4180 sutem
2165 4164 2184 4196 ‚
2241 4118 2518 4201 quamvis

264 4221 490 4283 Caesar
512 4242 829 4303 nunquam
852 4226 1209 4305 Eugenium
1228 4222 1572 4283 deserturus
1597 4232 1786 4300 esset,
1822 4230 2023 4285 tamen
2053 4220 2358 4283 Electores
2379 4240 2522 4283 ma·-

262 4322 325 4389 la
366 4344 499 4389 esse
539 4326 1023 4405 mente,mu1ta
1078 4326 1532 4392 machinaturos
1577 4326 1739 4389 mala
1785 4324 2244 4407 timendumque
2290 4324 2520 4407 grande

1947 4424 2106 4496 11*
