2930 4963
346 340 352 353 '
398 339 529 407 320

572 508 675 573 16.
732 502 1079 565 Postulstur
1112 500 1363 583 insuper
1398 516 1510 581 per
1547 494 1889 581 prseffictos
1933 492 2256 569 articulos,
2297 502 2380 557 ut
2411 492 2656 559 deseri-

402 604 624 669 bantur
652 604 897 665 nomina
928 603 1335 665 Ecclesiarum
1378 600 1888 683 privilegiatarum
1907 641 1930 677 ,
1975 616 2054 659 ne
2087 594 2340 679 posthac
2381 595 2652 677 amplius

402 706 756 771 exhibeatur
788 704 1061 764 molestia
1099 704 1236 765 Sodi
1260 702 1642 789 Apostolicae
1672 723 1707 760 a
1733 700 2119 762 Parlamentis
2140 686 2450 761 Fimciae.
2521 699 2652 767 Su·-

398 830 512 892 per
539 828 661 889 quo
682 804 925 887 quidem
956 816 1187 891 puncto
1218 824 1435 887 operae
1461 804 1724 885 pretium
1751 812 1876 883 est,
1914 790 2290 881 intelligere,
2331 798 2494 881 quod
2519 804 2676 859 non*

404 911 767 972 exoriuntur
820 908 959 972 lites
1011 918 1077 969 et
1133 907 1548 977 altercationes
1604 906 1672 967 in
1725 904 2012 969 Ecclesiis
2053 922 2240 985 super
2279 900 2652 983 quaestione,

400 1023 611 1075 utrum
653 994 1041 1093 privilegium
1070 1004 1333 1069 habeant
1374 1029 1490 1071 nec
1541 1028 1656 1086 ne3
1709 1008 1898 1089 nullis
1949 1006 2108 1065 enim
2156 1004 2334 1067 datur
2375 1011 2654 1087 potestas

402 1112 662 1195 eligendi
702 1112 821 1173 nisi
859 1110 1013 1186 illis,
1062 1108 1164 1187 qui
1203 1108 1617 1169 authenticum
1655 1108 2042 1191 privilegium
2079 1108 2150 1167 in
2193 1106 2436 1188 scriptis
2471 1114 2658 1165 antea

400 1214 797 1301 protulerint,
828 1212 877 1273 si
901 1210 1078 1273 modo
1102 1231 1168 1272 ea
1192 1212 1508 1293 privilegia
1522 1212 1730 1272 vocari
1757 1206 1994 1289 debent,
2021 1230 2160 1271 cum
2179 1206 2658 1269 solumhabeant

318 1308 335 1317 ,
404 1319 705 1401 quendam
730 1308 1126 1397 protectionis
1150 1322 1453 1396 tenorem,
1499 1315 1704 1375 eadem
1731 1316 1924 1375 forms
1949 1312 2278 1391 iisdemque
2301 1310 2430 1369 fere
2447 1306 2658 1369 verbis

404 1420 847 1501 conscriptum,
888 1424 959 1475 ut
994 1416 1271 1497 superius
1300 1417 1769 1476 demonstratum
1801 1427 1906 1477 est.
1958 1414 2134 1476 Unde
2157 1396 2480 1495 antequam
2507 1430 2660 1470 sen-

405 1522 594 1585 tentia
618 1540 795 1601 super
822 1516 1113 1579 electione
1138 1520 1340 1580 futura
1364 1528 1514 1605 tunc
1538 1508 1931 1581 Bituricensis
1947 1514 2406 1609 Archiepiscopi
2431 1514 2657 1573 Romae

304 1618 312 1633 ⁸
402 1620 903 1707 pronuntiaretur
932 1622 1180 1681 fundata
1208 1642 1390 1703 super
1406 1618 1754 1681 huiusmodi
1775 1620 2292 1705 praetensionibus
2313 1614 2659 1699 praedictae

408 1722 715 1787 Ecclesiae
753 1722 933 1783 multi
969 1720 1311 1805 integritate
1358 1732 1419 1781 et
1465 1723 1742 1783 doctrina
1786 1732 2153 1807 praestantes
2198 1718 2315 1783 viri
2356 1726 2660 1779 nostrates

406 1824 817 1903 haesitabant,
859 1834 1067 1885 utrum
1098 1822 1209 1883 hae
1235 1824 1682 1907 praetensiones
1708 1826 2065 1909 appellanda
2093 1832 2288 1893 essent
2315 1820 2656 1902 privilegia.

411 1930 529 1989 Sed
572 1948 649 1989 ex
696 1946 767 1986 eo
810 1926 1037 1987 iudicio
1068 1926 1155 1987 ita
1196 1927 1582 1987 confirmatae
1627 1936 1772 1987 sunt
1807 1931 2151 1987 nostrarum
2189 1924 2537 2007 opiniones,
2579 1930 2660 1981 ut
2691 1936 2704 1947 '

393 2023 507 2093 'eas
531 2028 739 2090 Bullas
766 2049 933 2089 nunc
962 2050 1079 2111 pro
1102 2028 1265 2090 veris
1291 2028 1626 2118 privilegiis
1654 2028 1932 2090 habeant.
2015 2026 2134 2089 Sed
2156 2028 2494 2110 procedunt
2515 2025 2656 2088 lites
2725 2068 2734 2075 -

406 2142 473 2193 et
492 2131 935 2193 controversiae
958 2151 1034 2190 ex
1062 2132 1387 2192 multifaria
1412 2132 1780 2193 discordium
1795 2130 2119 2192 electorum
2135 2130 2453 2207 divisione,
2489 2128 2659 2211 quod

408 2236 519 2297 vix
553 2254 676 2295 una
718 2232 931 2293 electio
975 2234 1157 2293 unico
1204 2254 1498 2294 consensu
1539 2236 1700 2294 facta
1733 2232 2048 2315 reperitur.
2135 2232 2370 2306 Quibus
2412 2230 2656 2313 quidem

411 2336 771 2417 argumentis
812 2335 1227 2415 concluditur,
1272 2356 1783 2419 supervacaneum
1820 2356 1942 2395 esse
1981 2332 2498 2418 privilegiatam
2530 2334 2658 2397 Ee.-

412 2428 731 2502 clesiaruni
761 2438 1007 2499 nomina
1034 2438 1382 2502 describere.

583 2547 686 2608 17.
752 2541 1248 2615 Quantum.vero
1280 2517 1514 2602 &tinet
1549 2537 1626 2602 ad
1666 2561 1806 2602 eum
1841 2531 2122 2618 modum,
2168 2560 2288 2620 quo
2323 2557 2436 2622 per
2469 2555 2659 2628 prae:

412 2643 609 2706 dictos
638 2643 927 2704 articulos
962 2642 1292 2722 requiritur
1306 2689 1325 2724 ,
1368 2654 1441 2704 ut
1469 2645 1601 2704 Rex
1633 2631 2173 2707 Christianissimus
2200 2639 2417 2702 habeat
2450 2636 2660 2699 nomi-

408 2766 557 2808 nare
584 2731 889 2807 Praelatos
920 2743 1199 2805 Ecclesiis
1233 2745 1630 2826 privilegiatis
1657 2749 1963 2810 vacaturis
1973 2770 1991 2826 3
2035 2741 2327 2826 Iongexibi
2357 2739 2662 2804 receditur

410 2849 489 2909 ab
523 2867 592 2908 eo
616 2826 814 2907 ‘inodo
848 2856 909 2906 et
948 2847 1177 2925 forma,
1222 2849 1297 2908 de
1322 2847 1541 2930 quibus
1574 2859 1746 2926 antea
1772 2858 2140 2912 conventum
2169 2856 2260 2909 est
2287 2845 2352 2906 in
2385 2843 2664 2904 Concor-

414 2937 605 3025 datm
662 2967 859 3028 neque
895 2947 1039 3009 satis
1084 2947 1255 3008 videt
1304 2949 1436 3010 Rex
1477 2949 2010 3014 Christianissimus
2047 2972 2158 3012 cur
2207 2949 2359 3010 haec
2403 2945 2664 3010 varietas

414 3048 659 3112 admitti
706 3049 949 3135 debeat,
991 3057 1066 3109 ut
1102 3049 1261 3134 ⁸alius
1303 3053 1660 3114 nominandi
1700 3055 1915 3116 modus
1951 3054 2018 3113 in
2051 3073 2172 3114 una
2208 3051 2509 3128 Ecclesia,
2559 3047 2666 3108 di-

413 3173 625 3218 versus
662 3153 732 3212 in
775 3153 965 3213 alters
1000 3151 1341 3214 'servandus
1378 3155 1492 3226 sit,
1553 3155 1726 3216 cuius
1759 3157 1850 3217 rei
1869 3156 2000 3217 vix
2040 3154 2212 3216 reddi
2255 3161 2459 3236 potest
2503 3151 2664 3211 ratio

413 3255 776 3341 probabilis,
820 3256 1165 3337 praesertim
1200 3277 1339 3316 cum
1372 3257 1540 3339 ipsae
1567 3279 1771 3320 omnes
1799 3259 2100 3320 Ecclesiae
2127 3257 2237 3318 sub
2269 3253 2478 3318 eodem
2504 3253 2664 3334 Rege
2748 3301 2758 3312 „

418 3359 893 3422 continerentur.
993 3359 1195 3434 Quare
1238 3381 1375 3421 cum
1421 3380 1696 3422 summus
1735 3362 2018 3422 Pontifex
2062 3370 2122 3421 'et
2159 3353 2664 3420 Reverendiasimi

382 3459 765 3524 'Cerdinales
804 3461 1150 3524 existi-ent
1166 3505 1187 3534 ‚
1230 3483 1295 3524 se
1328 3462 1533 3524 litium
1563 3465 1792 3526 radices
1833 3465 2168 3545 exstirpare
2209 3459 2500 3522 mutando
2541 3479 2666 3520 uo-

414 3563 687 3624 minandi
710 3563 969 3624 formam
982 3609 1002 3642 ,
1046 3565 1380 3626 cavendum
1412 3575 1532 3646 est,
1575 3588 1654 3628 ne
1679 3568 1844 3650 ipsae
1869 3568 2006 3627 lites
2031 3563 2272 3638 uberius
2293 3583 2472 3643 quam
2489 3571 2664 3622 antea

413 3666 723 3748 pullulent
754 3685 833 3726 ex
872 3664 994 3727 hoc
1026 3667 1263 3728 diverso
1302 3667 1656 3730 nominandi
1689 3671 1908 3750 modo,
1955 3665 2458 3750 quemadmodum
2487 3683 2664 3724 sanae

412 3768 633 3842 mentis
664 3766 914 3848 quisque
940 3777 1144 3850 potest
1166 3771 1524 3852 perspicere.
2491 3811 2496 3814 -

588 3872 693 3936 18.
758 3869 981 3948 Agitur
1012 3869 1342 3954 deiuceps'
1323 3894 1388 3932 ιιι
1425 3873 1750 3955 praedictis
1782 3873 2052 3936 articulis
2081 3870 2391 3936 relationis
2423 3867 2496 3930 de
2525 3867 2666 3928 fru-

414 3969 613 4034 ctibus
640 3971 1042 4034 Ecclesiarum
1065 3959 1686 4066 monasteriorumque
1717 3977 2098 4054 vacantium,
2139 3986 2272 4036 tum
2305 3968 2395 4034 de
2407 3969 2666 4054 Episco-

412 4091 639 4158 porum
656 4072 1079 4156 Abbatumque
1100 4074 1345 4156 spoliis·
1329 4121 1361 4154 ,
1393 4079 1558 4158 quod
1583 4079 1825 4158 quidem
1855 4077 2166 4140 commode
2184 4074 2323 4138 fieri
2347 4095 2470 4135 non
2491 4091 2668 4174 posse

364 4197 389 4256 ‚j
412 4173 692 4251 videtur,
748 4192 864 4234 nec
912 4175 1343 4244 aestimandum
1380 4188 1472 4240 est
1517 4198 1808 4241 summum
1861 4177 2214 4242 Pontificem
2266 4173 2478 4254 velle,
2527 4195 2666 4250 qum

412 4295 530 4340 suau
549 4273 849 4346 Sancum
889 4277 1185 4342 hactenus
1227 4288 1512 4344 contente
1552 4283 1674 4344 fuit
1709 4284 1786 4345 de
1817 4277 2056 4344 Annat'a
2091 4281 2271 4372 solita
2313 4277 2674 4342 adveniente
