2930 4963
426 359 553 454 16³2

422 537 564 616 dieu,
607 555 814 598 eorum
836 580 855 613 ,
912 535 965 596 si
1012 535 1339 616 Eugeniue
1376 534 1716 616 amplexus·
1745 531 1964 594 fuisset
1995 529 2344 609 legationem
2381 509 2653 608 benigne,

419 641 731 704 nationem
753 639 1055 700 fauturum
1090 647 1151 698 et
1181 637 1556 698 ohedituram
1590 633 1714 698 'sibi
1729 681 1748 714 ‚
1789 633 2176 696 neutralitste
2217 633 2514 718 deposita:
2559 631 2656 692 sin

418 761 602 821 νει-ος
648 740 725 804 ad
752 735 987 824 partem
1015 739 1325 800 adversam
1348 734 1680 801 ‘convolare
1707 739 1893 815 velle,
1933 737 2372 824 tenendamque
2399 733 2656 796 diaetam

418 847 487 908 in
510 845 762 910 Kalend.
794 845 1155 928 Septembris
1186 845 1343 924 apud
1366 843 1820 904 Francfordism
1840 889 1860 918 ‚
1905 839 2008 902 ubi
2041 861 2108 900 ea
2131 839 2362 900 fierent.
2427 837 2498 896 In
2527 855 2657 896 eam

418 963 547 1016 'rem
580 971 685 1010 sex
718 949 1017 1010 Electores
1052 945 1343 1006 foederati
1364 957 1423 1008 et
1448 948 1628 1009 iurati
1651 955 1838 1008 erant.
1893 943 2008 1004 Per
2033 939 2192 1002 idem
2219 951 2456 1022 tempus
2497 939 2660 998 1⁷10-

419 1069 590 1129 mas,
634 1049 1027 1111 Bononiensis
1058 1047 1425 1130 Episcopus,
1473 1051 1575 1129 qui
1603 1061 1802 1130 postea
1833 1047 1992 1108 Petri
2033 1044 2379 1111 cathedram
2410 1041 2660 1104 sortitus

418 1165 542 1233 est,
590 1164 649 1214 et
682 1153 981 1214 Iohannes
1014 1151 1355 1229 Caruaial,
1403 1152 1508 1232 qui
1537 1154 1613 1213 ad
1637 1143 2079 1212 Car'dinalaturii
2105 1147 2410 1230 ascendit,
2454 1143 2661 1226 Euge-

418 1259 515 1318 ηἰί
552 1255 843 1335 legatione
890 1253 1052 1334 apud
1098 1253 1403 1314 Caesarem
1450 1257 1888 1336 fungebantur,
1957 1253 2062 1333 qui
2101 1261 2160 1312 et
2205 1249 2658 1312 neutralitatem

420 1359 641 1442 deponi
678 1368 738 1418 et
767 1355 1163 1417 obedientiam
1180 1357 1480 1416 Romanae
1509 1357 1648 1417 Sedi
1675 1357 1912 1419 restitui
1943 1355 2264 1438 petebant,
2297 1363 2480 1434 atque
2505 1353 2660 1414 duos

416 1460 725 1546 praesules
748 1504 766 1537 ,
810 1461 885 1520 de
914 1459 1130 1540 quibus
1160 1468 1335 1519 antea
1378 1459 1673 1538 diximus,
1717 1457 1870 1522 iuste
1918 1459 2223 1542 depositos
2261 1456 2658 1519 affirmsbant.

416 1565 525 1627 ms
551 1563 753 1623 noluit
780 1563 995 1622 Caesar
1021 1561 1290 1624 revelare
1320 1563 1566 1624 Decreta
1597 1563 1974 1645 Principum,
2019 1563 2125 1623 sed
2148 1561 2336 1638 dixit,
2385 1559 2662 1620 nondum

415 1665 549 1728 fieri
587 1665 1051 1728 declarationem
1082 1685 1289 1746 posse,
1312 1667 1592 1728 Oratores
1619 1667 1960 1750 Principum
1993 1667 2240 1725 Romam
2265 1663 2479 1739 ituros,
2509 1663 2662 1722 mis-

418 1789 750 1849 surumque
778 1788 842 1828 se
877 1787 1014 1828 cum
1050 1767 1130 1826 eis
1154 1769 1468 1847 Legatum3
1529 1791 1652 1829 non
1692 1789 1816 1830 esse
1861 1767 2108 1844 inutile,
2161 1787 2259 1826 eos
2299 1783 2540 1845 quoque
2582 1781 2661 1822 ex

417 1892 482 1933 se
506 1871 762 1932 alterum
786 1869 1080 1929 Romam
1062 1888 1172 1931 ire.
1224 1870 1455 1950 Legatis
1485 1883 1680 1932 autem
1711 1873 2059 1954 Principum
2088 1869 2244 1929 dixit
2273 1867 2504 1942 Caesar,
2531 1883 2662 1925 non

414 1973 653 2056 placere
678 1973 791 2032 sibi
824 1965 1259 2053 depositionem
1294 1973 1928 2058 Archiepiscopomm,
1973 1993 2165 2052 neque
2199 1977 2543 2048 surrogatos
2573 1965 2659 2026 ela

420 2065 721 2155 Gallicos,
764 2075 915 2134 bene
942 2075 1135 2134 facere
1166 2073 1514 2159 Principes,
1561 2079 1662 2158 qui
1701 2099 1909 2138 eorum
1943 2057 2322 2136 indemnitati
2357 2081 2418 2131 et
2457 2069 2662 2129 natio-

415 2177 511 2239 nis
538 2177 787 2240 utilitati
813 2179 1231 2258 consulerent,
1288 2181 1445 2238 velle
1485 2199 1548 2239 se
1583 2179 1657 2238 ad
1693 2179 1842 2239 haec
1889 2196 2278 2252 concurrere,
2323 2185 2383 2233 et
2421 2173 2663 2234 mittere

366 2313 383 2346 .·
417 2282 494 2341 ad
525 2279 873 2363 Eugenium
902 2301 1039 2341 cum
1068 2281 1188 2344 eisz
1230 2281 1386 2341 illud
1410 2291 1605 2341 autem
1641 2281 1958 2360 indignum
1993 2299 2152 2357 esse,
2195 2277 2360 2358 quod
2391 2295 2452 2336 se
2471 2277 2662 2356 Papae

416 2381 645 2444 iudices
673 2385 1137 2462 constituerint,
1184 2404 1321 2442 cnm
1351 2385 1652 2463 dicerent,
1697 2385 1814 2444 nisi
1841 2389 2076 2463 sperata
2107 2381 2349 2456 fecerit,
2391 2379 2464 2438 ab
2497 2398 2568 2438 so
2598 2397 2663 2439 se

418 2486 781 2567 defecturos,
815 2486 986 2569 quasi
1010 2510 1157 2548 non
1189 2489 1459 2569 Papam
1493 2498 1548 2548 et
1578 2488 1668 2547 Pa
1687 2508 1852 2571 pam
1884 2461 2046 2547 esse
2077 2486 2140 2543 in
2173 2505 2376 2545 eorum
2408 2484 2658 2544 arbitrio

414 2586 724 2655 resideret.
770 2592 978 2650 videri
1009 2590 1260 2667 Caesari,
1287 2590 1337 2650 si
1370 2592 1528 2671 Papa
1557 2612 1675 2651 non
1705 2600 1971 2671 pareret,
2015 2588 2161 2647 alias
2186 2586 2316 2649 vias
2343 2584 2662 2645 honestio-

416 2714 514 2759 res
544 2714 670 2753 esse
708 2692 1156 2772 suscipiendas:
1204 2712 1340 2750 nam
1370 2712 1439 2751 eo
1470 2692 1649 2753 modo
1689 2703 1749 2754 et
1787 2690 2181 2753 scandalizari
2219 2689 2555 2764 nationem,
2599 2694 2664 2748 et

418 2792 681 2855 'schisma
711 2794 875 2853 nasci
908 2794 973 2853 in
1000 2794 1266 2855 Ecclesia
1299 2778 1732 2875 certissimum,
1781 2796 1943 2876 quod
1973 2816 2079 2855 sua
2122 2794 2187 2855 vi
2230 2799 2478 2871 cuperet
2515 2810 2661 2850 era-

418 2896 623 2958 dicare
653 2906 836 2976 atque
868 2898 1283 2977 exstinguere,
1329 2898 1679 2979 priusquam
1703 2899 2096 2959 adolesceret:
2141 2917 2279 2956 nam
2307 2894 2461 2954 mala
2479 2939 2497 2970 ‚
2523 2910 2661 2953 cum

420 2998 739 3075 oriuntur,
783 2998 958 3058 facile
991 3002 1453 3081 opprimuntur,
1494 3000 1697 3063 adulta
1725 3022 1848 3061 non
1875 3008 2128 3083 possunt
2161 2999 2288 3059 sine
2319 3016 2534 3075 magno
2561 2997 2664 3055 la-

228 3101 235 3121 *
332 3174 347 3193 Ι
416 3086 565 3161 bore
593 3100 819 3165 divelli.
910 3102 1047 3177 Quo
1081 3124 1401 3184 responso,
1436 3105 1528 3164 illi
1562 3126 1703 3175 mox
1741 3106 1854 3164 iter
1897 3104 1974 3163 ad
2002 3102 2208 3161 urbem
2245 3108 2657 3181 susceperunt.

416 3198 671 3281 Caesar,
714 3213 929 3265 vocato
942 3205 1148 3265 Aenea
1167 3253 1183 3282 ,
1214 3208 1453 3266 Senensi
1477 3252 1496 3282 ,
1525 3208 1855 3267 secretario
1885 3226 1996 3267 suo
2014 3250 2033 3280 ‚
2059 3214 2283 3265 secreta
2312 3202 2661 3284 Principum

416 3302 474 3363 ei
510 3303 769 3387 aperuit,
834 3306 1125 3388 iussitque
1172 3310 1393 3389 Papam
1436 3311 1718 3370 accedere
1764 3332 1835 3369 ac
1877 3310 2035 3369 viam
2077 3308 2236 3390 pacis
2285 3308 2342 3367 ei
2387 3306 2658 3383 suadere,

416 3408 687 3489 'pericula
718 3428 1021 3491 exponere
1050 3423 1105 3471 et
1140 3421 1393 3472 mentem
1420 3411 1802 3494 Principum;
1848 3432 2018 3493 orare
2036 3458 2054 3490 ,
2097 3421 2166 3471 ut
2193 3412 2496 3471 Electores
2518 3428 2660 3471 suos

358 3532 372 3553 ⁸
417 3512 809 3589 restitueret,
845 3514 1151 3575 Caesarem
1181 3514 1295 3574 sibi
1321 3516 1383 3573 in
1418 3518 1583 3583 omni
1615 3538 1680 3576 re
1718 3516 1947 3577 auxilio
1986 3516 2282 3579 futurum.
2365 3512 2425 3573 'ls
2457 3508 2662 3572 itineri

420 3628 482 3673 se
512 3616 812 3675 commisit
847 3626 1025 3695 atque
1055 3616 1413 3678 Bononiensi
1450 3620 1754 3697 Antistiti,
1805 3618 1907 3699 qui
1955 3626 2014 3677 et
2056 3618 2187 3699 ipse
2225 3618 2476 3675 Romam
2509 3614 2658 3691 ibat,

422 3716 699 3776 'comitem
734 3735 795 3777 se
830 3716 1015 3779 dedit.
1088 3720 1291 3799 Legati
1320 3722 1663 3803 Principum
1695 3714 1992 3802 aliquibus
2025 3720 2233 3779 diebus
2263 3734 2658 3799 praecessere,

420 3816 523 3877 sed
546 3817 797 3910 ⁸Romam
822 3840 943 3880 non
973 3830 1110 3881 ante
1140 3842 1201 3882 se
1229 3844 1337 3905 per
1368 3824 1526 3881 diem
1557 3824 1806 3902 ingressi
1845 3834 2005 3886 sunt.
2092 3820 2518 3897 Bononiensis,
2549 3818 2658 3877 etsi
2695 3800 2700 3805 ’

418 3936 545 3977 non
574 3932 810 4000 poterat
833 3924 1030 3983 omnia
1058 3924 1246 4001 scire,
1295 3946 1445 4006 quae
1474 3925 1648 4003 legati
1674 3926 2020 4007 Principum
2051 3924 2413 3997 afferebant,
2455 3931 2660 3980 tamen

418 4018 858 4099 imaginabatur
900 4036 957 4085 et
1002 4026 1360 4108 opinabatur
1401 4028 1610 4089 multa.
1706 4028 1761 4088 ls
1816 4030 2170 4109 Eugenium
2214 4024 2537 4102 instruxit,
2577 4032 2659 4081 ns

418 4122 646 4201 legatos
691 4136 829 4185 ante
868 4146 931 4186 ss
968 4112 1234 4206 audiret,
1282 4132 1443 4211 quod
1475 4132 1699 4190 factum
1742 4110 1881 4210 est,
1911 4140 2159 4211 ortaque
2203 4124 2662 4189 difficultas'est

423 4222 500 4284 ds
532 4224 724 4287 literis
768 4226 1129 4307 legatorum;
1186 4252 1325 4292 nam
1358 4232 1742 4294 'treverensis
1773 4242 1834 4293 et
1865 4233 2240 4294 coloniensis
2269 4228 2547 4305 nomina,
2589 4236 2661 4287 ut

422 4320 632 4386 Iacobi
658 4336 717 4390 et
754 4328 1127 4412 :theoder-ici,
1173 4331 1486 4397 auditurus
1520 4334 1802 4399 Pontifex
1828 4350 1954 4400 non
1989 4344 2137 4401 erat.
2219 4332 2340 4396 sed
2367 4330 2462 4395 ini
2495 4328 2660 4391 cnuti
