2930 4963
2425 378 2550 446 εισι

304 544 655 609 πιιιιιοιιω
690 542 919 608 roim
940 592 961 623 ,
1012 544 1246 608 vach·
1288 546 1355 609 ιη
1400 544 1740 608 amanen
1777 544 1878 607 aia
1921 520 2280 629 na‘nptmne
2315 546 2550 629 spi-alte.

240 654 261 689 ἱ
306 648 427 709 Bas
480 646 799 731 spani-clia
848 644 1129 730 Prinzip,
1182 646 1283 711 dia
1322 646 1698 725 italianisoha
1755 644 2229 729 Sdilechtigkeit
2267 645 2400 711 und
2441 650 2554 713 dor

466 952 545 1015 '1-
582 956 1179 1014 &commeatione
1214 973 1333 1013 non
1372 934 2056 1013 ntandnmaxtracasum
2091 956 2553 1029 poccatimorta·
2643 956 2652 967 '

300 1038 409 1109 lis,
450 1050 509 1095 et
532 1042 785 1097 notoriae
814 1041 1495 1115 irregularitatis..
1663 1074 1674 1085 -

472 1126 570 1183 XI.
605 1127 1037 1195 Providentiam,
1065 1136 1130 1180 ut
1160 1127 1457 1199 diligenter
1481 1132 1544 1179 et
1571 1123 1818 1179 devote
1797 1142 1856 1177 ιιι
1888 1123 2090 1180 divinis
2121 1088 2326 1181 officiis
2355 1144 2551 1197 preces

303 1208 697 1279 effundantur,
744 1228 895 1283 quae
918 1210 1215 1283 aliquando
1249 1212 1328 1265 ita
1362 1210 1729 1283 praecipitate
1759 1227 1793 1262 a
1825 1208 2234 1265 celebrantibus
2259 1212 2562 1283 profes-an«
2643 1290 2652 1297 ο

300 1302 431 1365 tur,
471 1306 537 1349 ut
558 1312 662 1350 nec
690 1296 795 1367 ipsi
824 1312 880 1350 se
909 1296 1262 1367 intelligant,
1306 1312 1411 1348 nec
1438 1296 1510 1349 ab
1548 1295 1676 1347 aliis
1697 1292 2104 1365 intelligantur.
2175 1348 2180 1353 ,
2231 1334 2244 1352 ,

300 1398 310 1405 ·
358 1434 363 1439 ,
470 1378 597 1435 111.
638 1382 925 1436 Breviaria
954 1389 1010 1434 et
1036 1380 1285 1434 Missalia
1312 1379 1638 1453 purganda,
1683 1379 2092 1451 resecandaque
2123 1380 2346 1450 omnia,
2401 1398 2549 1453 quae

298 1478 419 1519 non
462 1482 535 1519 ex
580 1465 799 1521 divinis
814 1466 927 1521 sint
952 1465 1207 1519 desumta
1240 1465 1437 1531 literis,
1464 1474 1522 1519 et
1549 1464 1856 1519 taediosam
1889 1464 2270 1535 prolixitatem
2299 1466 2548 1521 Psalmo-

297 1566 431 1605 rnm
460 1560 521 1603 et
546 1550 901 1624 orationum,
944 1549 1135 1605 habito
1160 1548 1381 1605 delectu
1412 1548 1870 1608 contrahendam.

468 1636 625 1689 3111.
686 1638 939 1691 Fortasse
986 1636 1425 1707 permittendum
1442 1672 1463 1705 ,
1519 1646 1586 1689 ut
1622 1622 1792 1687 liceat
1837 1633 2046 1689 alicubi
2095 1634 2282 1689 latinis
2317 1636 2548 1693 cantims

298 1736 493 1791 preces
520 1718 710 1791 lingua
739 1720 1038 1774 vernacula
1062 1719 1303 1773 fideliter
1328 1738 1512 1775 versas
1536 1713 1928 1773 intermittere.
2563 1720 2592 1731 “”

466 1805 610 1861 XIV.
651 1805 1045 1878 cogitandum,
1078 1822 1185 1877 qua
1212 1804 1427 1859 ratione
1442 1805 1638 1859 Clarus
1667 1805 1738 1857 ad
1761 1805 1929 1857 vitam
1955 1804 2206 1875 priorem
2225 1804 2544 1860 reducatur.

466 1891 583 1947 ΧΥ.
628 1891 754 1961 Quo
775 1898 941 1961 pacto
982 1891 1329 1944 monasticus'
1344 1890 1500 1945 Ordo
1535 1890 1606 1943 ad
1639 1890 1986 1961 primitivam
2021 1890 2428 1946 institutionem
2457 1906 2546 1945 re·

296 1972 655 2133 gantegratur
669 2011 689 2042 ,
746 1992 821 2031 ne
861 1984 1055 2031 tantae
1100 1976 1570 2031 Momteriorum
1623 1974 1850 2029 divitiae
1897 1982 2016 2029 tam
2064 1973 2345 2047 flagitiose
2390 1974 2545 2031 dissi·-

340 2069 506 2117 satur

468 2146 541 2201 Et
565 2144 678 2197 hoo
699 2144 769 2199 de
800 2160 1031 2199 morum
1054 2144 1367 2219 abususque
1395 2142 1820 2199 reformatione.

468 2230 612 2283 ΧΥΙ.
660 2230 824 2301 Quod
853 2241 1044 2283 autem
1072 2228 1142 2283 ad
1166 2230 1429 2303 dogmata
1457 2228 1674 2297 attinet,
1705 2224 2168 2281 considerandum
2192 2243 2354 2280 sam-o
2389 2228 2543 2281 Con-

299 2314 463 2381 cilio,
514 2306 585 2368 Cn
626 2330 741 2368 non
781 2332 871 2368 res
905 2314 1023 2385 ipsa
1056 2314 1332 2387 efflagitet
1367 2314 1559 2387 aliqua
1586 2314 1725 2367 iuris
1754 2312 1980 2383 positivi
2009 2310 2261 2364 relaxare
2292 2322 2347 2365 et
2389 2314 2543 2368 circa

296 2400 759 2455 communionem
792 2400 899 2455 sub
940 2408 1179 2473 utraque
1227 2398 1415 2473 specie
1472 2398 1690 2453 consuli
1741 2395 2014 2451 desiderio
2073 2402 2394 2451 exterarum
2440 2416 2541 2453 na·

292 2485 536 2542 tionum.

464 2571 638 2626 xvn.
678 2569 769 2624 De
806 2585 904 2624 esu
946 2570 1209 2624 carnium
1252 2577 1309 2623 et
1346 2567 1571 2624 ieiuniis
1601 2566 1816 2640 aliquid
1867 2565 1934 2620 de
1966 2565 2204 2638 pristino
2235 2567 2423 2640 rigore
2449 2566 2540 2624 τό·
2593 2573 2596 2580 “

294 2655 670 2737 mittendum,
711 2672 879 2725 super
906 2673 1015 2726 quo
1041 2664 1237 2708 tamen
1263 2652 1569 2726 prudenter
1603 2651 2087 2716 considerandum.

464 2741 665 2796 xvm.
712 2739 1049 2812 Coniugium
1075 2739 1422 2794 Clericorum
1452 2737 1734 2809 aliquibus
1759 2735 2069 2791 nationibus
2097 2735 2540 2794 concedendum.

462 2827 610 2890 xtx,
654 2827 725 2880 Et
762 2823 841 2878 ita
884 2823 1195 2879 conciliatis
1220 2825 1560 2896 populorum
1591 2821 1822 2890 animis,
1861 2822 2134 2877 tollendas
2167 2821 2369 2877 deinde
2393 2823 2540 2878 mul-

292 2911 517 2984 tiplices
558 2910 995 2982 Evangeliorum
1024 2910 1314 2976 Postillas,
1360 2919 1420 2963 et
1452 2921 1660 2964 novam
1705 2925 1812 2980 per
1856 2909 2064 2980 peritos
2101 2907 2414 2980 Theologos
2450 2908 2538 2962 fa·

295 2997 591 3064 ciendam3
638 3005 695 3050 et
714 2992 973 3050 similiter
994 3011 1203 3050 novam
1223 2993 1534 3068 Agendam,
1577 3009 1750 3066 quam
1775 2994 1824 3050 si
1853 2994 1954 3067 qui
1979 2991 2222 3050 Parochi
2255 2994 2540 3049 noluerint

292 3083 579 3154 recipere,
618 3089 757 3136 tunc
778 3097 985 3154 poenas
1014 3097 1211 3153 graves
1240 3082 1318 3134 eis
1342 3081 1730 3152 iniungenda.

463 3168 583 3224 XX.
625 3168 836 3220 Verum
866 3165 999 3238 quia
1038 3166 1149 3219 hoc
1190 3166 1357 3220 modo
1399 3166 1538 3220 mali
1569 3163 1806 3219 Parochi
1833 3162 2000 3218 citius
2022 3171 2289 3234 poterunt
2314 3163 2537 3235 expelli,

293 3269 467 3324 quam
497 3249 753 3308 substitui
782 3251 1070 3319 meliores,
1116 3249 1241 3305 ideo
1274 3251 1546 3324 quaedam
1571 3250 1646 3304 ad
1675 3247 1823 3304 hanc
1853 3245 2248 3304 difficultatem
2272 3245 2537 3304 'amoven-

294 3337 429 3392 dam
460 3337 771 3391 necessario
808 3343 1185 3390 recensentur.
1541 3351 1546 3356 ’

254 3457 264 3466 -
463 3423 607 3479 XXI.
647 3421 859 3488 Primo,
886 3421 1117 3476 unicum
1142 3417 1484 3473 catholicum
1497 3417 1816 3474 Parochum
1837 3415 2280 3494 praeficipndum
2304 3416 2535 3471 interim

274 3507 547 3609 flur-ibus
574 3505 857 3563 Ecclesiis.

462 3595 627 3648 xxn.
671 3593 723 3647 2.
745 3587 1058 3643 Videndum
1086 3585 1420 3658 diligenter,'
1446 3603 1519 3640 an
1547 3579 1724 3684 aliqui
1760 3593 1825 3637 ex
1851 3583 1920 3637 iis
1947 3583 2198 3639 sectariis
2223 3583 2436 3655 possint
2463 3585 2536 3640 ad

292 3677 630 3733 catholicam
663 3675 835 3730 fidem
872 3671 1095 3741 reduci,
1138 3681 1195 3726 et
1230 3670 1356 3725 ideo
1397 3688 1518 3738 eos,
1565 3669 1662 3742 qui
1691 3667 1926 3723 sanioris
1953 3669 2156 3723 mentis
2182 3669 2533 3742 videbuntur,

222 3785 232 3797 ·
291 3761 353 3816 in
376 3763 692 3836 proximam
718 3757 1054 3816 catholicam
1072 3749 1441 3830 Academiam
1469 3752 1771 3830 mittendos
1795 3765 1852 3808 et
1875 3753 2116 3808 breviter
2143 3755 2490 3810 erudiendos.

456 3847 663 3908 xxm.
705 3847 759 3906 8.
780 3841 1192 3917 Iniungendum
1216 3841 1508 3914 Episcopi·
1533 3839 1901 3895 Academiam
1931 3857 2045 3894 non
2075 3841 2426 3914 habentibus,
2469 3849 2535 3896 ut

290 3931 354 3986 in
401 3931 701 3986 Academia
736 3931 917 3984 vicina
954 3921 1165 4002 eligant
1201 3927 1506 4002 collegium
1543 3941 1647 3998 pro
1706 3925 2144 3980 adolescentibus
2185 3925 2532 4000 Theologiae

290 4015 547 4072 studiosis
578 4013 788 4072 alendis
818 4023 875 4068 et
900 4013 1273 4070 instituendis.

462 4103 651 4158 ΧΧΙΥ.
694 4097 1101 4157 4.1..imitatum
1124 4107 1423 4152 auctorum
1459 4095 1786 4170 catalogum
1817 4093 2126 4164 edendum,
2170 4095 2266 4168 qui
2291 4093 2408 4168 legi
2435 4097 2530 4152 de-

290 4187 515 4243 beant’
494 4207 555 4242 m
584 4187 819 4253 scholis,
858 4201 964 4239 nec
989 4183 1125 4238 alios
1152 4179 1546 4238 admittendos.

460 4275 627 4328 XXV.
671 4271 727 4330 5.
762 4270 955 4326 Plures
994 4269 1358 4342 Episcopatus
1394 4269 1456 4326 in
1495 4265 1808 4323 latioribus
1816 4265 2120 4342 provinciis
2141 4265 2438 4340 erigendos
2472 4275 2532 4322 et

291 4357 555 4430 opulenta
576 4357 890 4414 coenobia
869 4373 932 4412 m
956 4353 1111 4412 hunc
1132 4373 1303 4412 mum
1330 4353 1582 4410 converti
1603 4367 1785 4424 posse.

2025 4453 2112 4518 26
