2930 4963
2402 353 2531 460 δι’

221 553 527 636 gensis,
566 573 684 637 pes
707 553 860 616 alies
881 553 1134 618 Nostius
1153 553 1404 634 literas,
1431 553 1727 620 nonnulle
1758 557 1923 620 circs
1948 553 2491 622 concilium‘Con-

223 658 586 736 stanneum,
631 658 882 737 eiusque
931 658 1184 718 Decreta
1201 700 1224 735 ,
1263 677 1380 720 nec
1401 677 1533 718 non
1565 661 1757 724 futuri
1790 662 2293 722 convocationem
2318 663 2489 724 Con-

223 760 362 822 citii
397 769 662 822 mentem
701 769 974 822 neutram
1013 761 1439 822 concernentia
1484 761 1954 841 declaravimus,
1996 771 2186 844 prout
2226 764 2297 824 in
2337 764 2488 846 ipsis

221 862 424 926 literis
451 862 694 944 plenius
723 863 1087 938 continetur.
1159 865 1358 944 Super
1381 863 1515 924 aliis
1545 875 1744 926 autem
1772 864 2037 926 Decretis
2064 864 2329 926 Basileae
2354 865 2489 926 edi-

225 965 309 1026 tis
351 975 414 1026 et
451 985 564 1046 per
592 965 788 1026 clarae
839 965 1162 1045 memoriae
1191 967 1509 1047 ⁴quondam
1534 965 1877 1041 Albanum,
1916 967 2029 1026 Rn.
2054 968 2277 1046 Regem
2308 988 2489 1030 acce-

227 1067 424 1149 ptatis
441 1113 460 1146 ,
507 1089 586 1129 ex
615 1087 872 1148 quorum
907 1069 1287 1128 observantia
1323 1071 1493 1130 natio
1526 1069 1885 1139 Germanica
1922 1070 2190 1149 praefata
2228 1090 2305 1130 ex
2334 1071 2487 1152 plu-

129 1151 140 1168 *
225 1169 404 1233 ribus
429 1168 882 1248 gravaminibus
915 1171 1144 1232 dicitnr
1168 1172 1426 1260 relevari
1437 1195 1456 1250 ;
1494 1172 1771 1243 „contenti
1796 1191 1999 1236 sumus
2014 1215 2043 1247 ‚
2063 1173 2345 1250 volumus
2362 1221 2379 1250 ,
2412 1195 2497 1244 ac,

223 1270 636 1348 decernimus,
673 1272 840 1352 quod
871 1271 1070 1332 omnia
1099 1283 1159 1362 et
1193 1273 1426 1353 singula
1457 1275 1669 1354 vigore
1698 1276 2101 1336 Decretorum-
2114 1273 2479 1356 huiuamodi,

215 1393 374 1438 saum
403 1373 538 1438 min
577 1374 1128 1438 modificationibus
1167 1387 1649 1458 acceptaturum,
1704 1397 1817 1456 per
1856 1397 1990 1453 eos,
2032 1379 2137 1457 qui
2170 1379 2277 1439 illa
2306 1401 2487 1442 acce-

225 1486 524 1594 ptarunt,
555 1478 656 1538 vel
683 1477 1138 1560 acceptantibus
1175 1477 1246 1538 in
1273 1478 1517 1540 natione
1542 1475 1807 1562 praefata
1832 1479 2228 1542 adhaeserunt
2245 1503 2487 1562 ‚usque
2588 1485 2596 1490 ’

228 1580 296 1640 ιιι
317 1590 716 1662 praesentem
733 1580 892 1640 diem
908 1581 1410 1662 ,quomodolibet
1439 1591 1599 1660 gesta
1628 1583 1729 1643 vel
1752 1592 1885 1642 acta
1912 1593 2087 1654 sunt,
2116 1603 2255 1644 cum
2284 1585 2487 1646 omni·

229 1683 346 1746 bus
369 1683 520 1746 inde
547 1682 770 1746 secutis
797 1692 966 1762 rata,
1011 1683 1187 1746 firma
1217 1693 1280 1744 et
1315 1683 1692 1744 inviolabilia
1718 1687 2075 1766 persistant,
2116 1706 2231 1746 nec
2262 1687 2325 1746 in
2354 1709 2489 1770 po·-

231 1797 463 1849 sterum
488 1807 524 1844 a
551 1805 854 1866 quoquam
879 1785 1091 1867 quavis
1111 1787 1472 1848 auctoritate
1492 1789 1745 1865 cassari,
1790 1787 2097 1850 annullari
2128 1798 2234 1850 aut
2252 1788 2483 1852 irritari

233 1887 452 1969 quovis
470 1868 660 1950 inodo
685 1887 962 1967 valeant,
999 1889 1101 1948 vel
1119 1887 1422 1948 revocari·
1407 1933 1426 1966 ,
1474 1891 1759 1971 quodque
1785 1911 1989 1952 omnes
2018 1899 2077 1950 et
2100 1892 2342 1970 singuli,
2375 1892 2487 1972 qui

235 1992 330 2052 nsi
351 1999 502 2072 sunt
532 1988 690 2069 illis,
735 2011 806 2050 ac
826 1991 897 2052 in
919 1991 1047 2054 vim
1073 1991 1372 2052 dictorum
1397 1993 1791 2054 Decretorum
1808 2036 1826 2067 ,
1860 2012 1895 2052 a
1924 1992 2025 2054 die
2051 1989 2481 2072 acceptationis

239 2095 568 2176 eorundem
613 2093 942 2174 quidquam
985 2094 1296 2155 consecuti
1335 2104 1481 2158 sunt
1496 2139 1517 2172 ,
1576 2093 1773 2156 securi
1812 2094 1957 2157 sint„
1984 2101 2046 2154 et
2094 2095 2285 2174 quieti
2301 2143 2319 2171 ,
2362 2116 2499 2156 nec.

235 2207 562 2282 propterea
587 2195 798 2277 impeti
815 2243 836 2280 ‚
876 2197 1109 2260 turbari
1149 2205 1256 2258 aut
1275 2197 1585 2258 molestari
1608 2196 1849 2278 possint
1862 2243 1881 2274 ,
1926 2197 2381 2278 quomodolibet
2409 2198 2479 2261 in
2605 2231 2613 2241 =

237 2303 576 2470 Μωὲἶῃὲ.
661 2385 852 2466 Super
893 2383 1310 2446 observatione
1341 2405 1488 2448 vero
1528 2393 1587 2446 et
1612 2375 2057 2446 modificatione
2086 2385 2479 2448 Decretorum

241 2492 568 2553 eorundem
593 2508 730 2548 cum
755 2488 1038 2547 nonnulli
1066 2488 1324 2549 Praelati
1355 2487 1617 2548 nationis
1650 2488 1950 2569 praefatae
1978 2508 2060 2547 ex
2100 2488 2319 2547 eisdem
2350 2488 2482 2547 De-

243 2593 416 2653 cretis
439 2598 722 2671 gravatos
753 2610 816 2651 se
855 2592 985 2651 fore
1011 2589 1325 2670 conquesti
1361 2591 1516 2666 sint,
1560 2610 1814 2669 cumque
1842 2590 1907 2647 in
1938 2589 2063 2655 illis
2102 2590 2482 2671 Apostolicae

242 2694 402 2773 Sedi,
449 2712 604 2775 quse
633 2694 940 2753 multum'
919 2713 985 2751 ιιι
1019 2693 1149 2753 suis
1172 2692 1406 2753 Iuribus
1441 2713 1518 2753 ex
1546 2691 1693 2771 ipsis
1707 2690 1971 2753 Decretis
2002 2702 2245 2769 gravata
2262 2691 2479 2770 digno-

243 2798 458 2876 scitur,
500 2794 977 2877 recompensatio
1001 2794 1296 2875 promissa
1317 2796 1434 2873 sit,
1467 2796 1861 2872 decrevimus,
1889 2794 2171 2873 Legatum
2188 2788 2478 2856 Nostrum

245 2920 377 2961 cum
417 2898 747 2960 sufficienti
789 2907 1084 2979 potestate
1127 2898 1204 2957 ad
1245 2907 1448 2977 partes
1488 2875 1838 2957 Germaniae
1872 2894 2225 2957 huiusmodi
2264 2904 2482 2967 trans-

243 3002 512 3080 mittere,
553 3001 662 3082 qui
681 3000 1080 3063 mediantibus
1115 3002 1303 3079 Rege,
1347 2998 1817 3081 Arcbiepiscopo
1846 3008 1907 3057 et
1935 2998 2279 3059 Marchione
2306 3018 2482 3079 prae-

245 3105 376 3165 fatis
403 3125 480 3165 ac
531 3104 666 3164 aliis
699 3102 970 3163 eiusdem
1007 3102 1270 3163 nationis
1301 3101 1679 3182 Principibus
1716 3110 1775 3160 et
1806 3100 2129 3177 Praelatis‚
2174 3120 2315 3162 cum
2347 3100 2483 3181 qui-

245 3206 349 3268 bus
383 3206 572 3269 suerit
615 3225 806 3287 opus,
867 3225 1052 3285 super
1096 3205 1473 3266 observantia
1510 3213 1573 3264 et
1615 3186 2061 3263 modificatione
2086 3204 2483 3265 Decretorum

247 3308 628 3386 huiusmodi,
683 3328 800 3369 nec
829 3328 956 3369 non
997 3328 1182 3389 anper
1221 3307 1571 3389 provisione
1620 3304 1761 3367 Sedi
1798 3306 2141 3387 praedictae
2188 3305 2482 3367 faciendis

249 3422 502 3477 metare
525 3411 781 3493 poterit,
825 3419 886 3469 et
912 3410 1176 3470 finaliter
1205 3408 1591 3474 concordare.

410 3514 470 3600 §.
515 3514 577 3581 4.
663 3513 1078 3574 Permittentes
1120 3512 1366 3573 interim
1399 3521 1461 3570 et
1504 3510 1915 3591 indulgentes,
1960 3509 2127 3593 quod
2164 3494 2373 3571 osnnes
2420 3516 2485 3573 et

252 3615 496 3697 singuli,
559 3616 660 3699 qui
699 3615 967 3697 praefata
1012 3614 1262 3676 Decreta
1303 3621 1693 3693 receperunt,
1753 3613 1852 3673 vel
1890 3612 2353 3687 recipientibus,
2408 3618 2483 3673 ut

250 3718 633 3799 praemissum
655 3716 787 3797 'cst‚
845 3718 1247 3779 adhaeserunt
1275 3716 1342 3776 in
1383 3715 1651 3797 praefata
1692 3714 1965 3791 natione,
2024 3702 2149 3783 illis
2202 3712 2481 3775 similiter

253 3839 380 3881 cnm
421 3822 1002 3898 modificationibus,
1063 3820 1283 3901 quibus
1317 3827 1561 3900 recepta
1604 3827 1783 3893 sunt,
1842 3816 2033 3877 libere
2085 3824 2146 3880 et
2188 3815 2357 3876 licite
2386 3814 2483 3877 uti

253 3926 512 4003 possint,
559 3946 706 4005 quas
739 3927 918 3985 etiam
955 3924 1118 3985 circa
1145 3924 1378 4003 singula
1404 3921 1729 4009 praemissa
1768 3919 2145 4001 manuteneri
2174 3928 2237 3979 et
2268 3918 2481 3978 defen-

215 4080 231 4090 ,
254 4028 365 4087 nari
396 4028 714 4107 volumus,
764 4026 956 4087 donec
985 4046 1097 4110 per
1121 4026 1404 4103 Legatum
1433 4022 1823 4109 huiusmodi,
1862 4031 1935 4084 ut
1958 4019 2336 4103 praedictum
2371 4030 2483 4099 eat,

257 4132 674 4193 concordatum
715 4130 932 4206 fuerit,
985 4129 1086 4189 vel
1126 4148 1235 4208 per
1277 4125 1647 4203 Concilium,
1690 4124 1851 4205 quod
1893 4124 1969 4186 ad
2010 4120 2481 4203 praedictorum3

253 4230 416 4313 Regis
431 4284 452 4315 ,
511 4236 924 4297 Praelatorum
964 4240 1026 4291 et
1059 4228 1408 4309 Principum
1433 4224 1915 4307 exhortationem
1958 4246 2295 4287 convocare
2336 4246 2483 4306 pro-

255 4339 524 4416 ponimus
535 4384 558 4419 ,
600 4338 776 4401 aliter
806 4335 991 4397 fuerit
1015 4332 1388 4411 ordinatum
1430 4352 1559 4393 non
1589 4330 2037 4395 contraventu‘ri
2050 4379 2069 4407 ,
2096 4350 2213 4391 nec
2242 4337 2483 4391 contra.

2014 4436 2060 4501 e

1401 4570 1417 4617 Ι
1516 4637 1527 4652 .
