2930 4963
393 373 484 444 84

393 553 536 628 post
568 543 1030 616 translationem
1059 551 1120 606 et
1149 543 1605 636 dissolutionem
1644 531 1901 606 concilii
1941 541 2165 604 ibidem
2195 529 2633 622 remanserunt,

393 648 750 712 auctoritate
803 667 872 706 es
919 649 1168 708 fuerunt
1205 647 1458 706 assecuti
1474 689 1497 722 ,
1558 666 1753 738 super.
1779 644 2127 706 huiusmodi
2154 645 2470 722 Ecclesiis‚
2518 643 2640 702 Di·-

352 826 362 837 ·
393 751 742 832 gnitstibus,
765 749 1112 827 Beneficiis,
1125 769 1202 808 ex
1227 747 1443 814 officiis
1471 767 1541 808 sc
1566 747 1879 812 sententiis
1894 757 1955 808 et
1966 747 2345 828 processibus
2366 746 2635 826 (etiamsi

205 853 215 861 ⁸
314 929 328 938 „
393 855 464 914 in
487 855 756 914 Romans
786 853 996 926 Curis,
1036 853 1136 914 vel
1175 860 1349 912 extra
1379 869 1537 927 eam,
1582 850 1691 926 lis,
1747 851 1920 912 cuius
1954 839 2175 910 statum
2218 849 2637 930 praesentibus

391 955 682 1018 habemus
708 977 822 1038 pro
855 943 1134 1034 exp'resso
1151 998 1171 1030 ,
1213 952 1477 1012 indecisa
1515 952 1805 1032 pendeat,
1847 952 2078 1012 etiamsi
2110 973 2293 1032 super
2320 952 2404 1012 eis
2436 953 2516 1012 ad
2540 963 2633 1028 es,

392 1060 493 1121 vel
521 1068 734 1120 contra
769 1078 870 1136 ea,
913 1056 1098 1116 fuerit
1119 1055 1294 1116 alteri
1321 1055 1420 1114 Ius
1447 1060 1813 1134 quaesitum,
1856 1074 1963 1114 seu
1990 1055 2094 1124 Ius
2121 1055 2305 1136 aliqui
2330 1077 2391 1116 se
2410 1055 2637 1138 habere

391 1161 878 1246 praetenderent)
919 1179 996 1230 ex
1033 1177 1234 1233 nunc,
1275 1155 1344 1216 in
1389 1166 1597 1234 anteo,
1636 1156 1703 1240 in
1730 1155 1863 1236 ipsa
1894 1156 2108 1232 Curia,
2150 1159 2247 1219 vel
2276 1170 2449 1220 extra
2478 1181 2633 1236 eam,

391 1263 746 1344 Apostolics
773 1261 872 1320 vel
901 1260 1020 1320 alia
1043 1259 1252 1340 quavis
1279 1258 1629 1320 auctoritate
1654 1259 1897 1339 impeti,
1929 1269 2035 1318 eut
2058 1261 2524 1342 quomodolibet,
2552 1281 2633 1322 ex
2688 1296 2690 1298 ·

393 1364 608 1445 quavis
633 1362 867 1423 ratione
897 1361 996 1424 vel
1025 1383 1232 1452 causa,
1277 1362 1579 1422 molestari
1604 1361 1871 1444 possint,
1914 1360 2021 1420 sed
2056 1361 2122 1420 in
2150 1364 2273 1424 suis
2288 1365 2633 1452 possessio-

389 1467 570 1530 nibus
593 1465 840 1546 pacifice
871 1472 1234 1528 remaneant.

561 1566 628 1650 ς.
669 1569 730 1636 4.
817 1567 975 1628 Lites
1003 1586 1242 1647 quoque
1269 1575 1332 1626 et
1357 1586 1563 1626 causes
1598 1585 1991 1647 quascunque
2009 1611 2029 1643 ,
2074 1589 2257 1650 super
2283 1561 2635 1629 huiusmodi

389 1670 712 1748 Ecclesiis‚
753 1668 1197 1747 Dignitatibus,
1241 1668 1555 1730 Beneficiis
1580 1678 1642 1730 et
1674 1669 1908 1730 Officiis
1932 1670 2257 1750 pendentes
2286 1672 2439 1774 gillis
2464 1665 2633 1730 dun'-
2657 1669 2695 1742 ,’
2782 1673 2787 1680 “

389 1783 564 1847 taxet
587 1772 898 1854 exceptis,
943 1791 1096 1852 quse
1119 1791 1318 1830 coram
1360 1771 1680 1831 ordinariis
1714 1772 2011 1833 iudicibus
2029 1773 2238 1854 ,apud
2263 1793 2432 1852 quos,
2460 1773 2635 1832 iuxta

391 1878 650 1938 formam
672 1877 872 1936 dictae
902 1873 1306 1954 suspensionis
1331 1883 1414 1934 et·
1403 1875 1865 1954 protestationis
1895 1876 2113 1935 exinde
2138 1884 2407 1953 secutae,
2450 1873 2636 1934 licuit

387 1979 624 2058 litigare
640 2025 658 2053 ,
699 1976 1000 2038 indecisae
1017 1975 1310 2056 pendent)
1353 1977 1434 2036 ad
1453 1977 1577 2038 Nos
1604 1978 1997 2064 advocantes,
2039 1977 2389 2038 auctoritate
2416 1985 2478 2036 et
2502 1975 2633 2036 sci-

389 2081 549 2142 entis
578 2080 904 2160 praedictis
933 2078 1370 2158 extinguimus,
1426 2087 1489 2137 et
1524 2099 1707 2158 super
1748 2080 1829 2139 eis
1872 2081 2229 2142 adversariis
2252 2099 2459 2138 eorum
2482 2098 2631 2159 per-
2678 2085 2681 2090 ’

387 2193 639 2266 potuum
667 2181 975 2242 silentium
999 2180 1401 2260 imponimus3
1447 2201 1817 2262 possessores
1857 2203 2002 2244 vero
2042 2184 2205 2264 ipsos
2244 2181 2523 2241 volumus
2558 2177 2632 2238 in

387 2283 514 2364 suis
540 2282 825 2343 Ecclesiis
843 2324 860 2353 ,
903 2283 1311 2358 Monssteriis,
1337 2283 1772 2363 Dignitatibus,
1805 2277 2115 2347 Beneficiis
2155 2295 2215 2344 et
2240 2281 2471 2342 Officiis
2502 2301 2631 2361 pa-

389 2385 560 2447 cifice
590 2392 933 2464 remaneret,
979 2383 1193 2464 quibus
1225 2387 1534 2464 omnibus,
1569 2389 1728 2469 ipses
1750 2389 2050 2448 Ecclesiae
2069 2383 2488 2465 ,Monosteris,
2518 2381 2629 2440 ni-

387 2486 674 2577 gnitates,
719 2486 1018 2547 Beneficia
1053 2495 1110 2545 et
1143 2485 1361 2545 Officia
1389 2506 1753 2567 quocunque
1780 2492 1959 2551 modo
1982 2489 2363 2563 vacaverint,
2406 2495 2631 2567 aucto-f

385 2590 566 2649 ritate
587 2596 648 2647 et
671 2586 920 2647 scientis
947 2587 1231 2667 praefatis
1247 2631 1266 2662 ‚
1311 2596 1518 2648 tenore
1544 2594 1945 2681 praesentium
1992 2592 2353 2649 conferimus
2384 2598 2444 2644 et
2484 2608 2629 2667 pro·-

387 2687 664 2757 videmus
689 2686 764 2746 de
789 2686 1038 2745 eisdem.
1079 2706 1153 2744 ae
1191 2688 1358 2763 illis,
1392 2690 1499 2767 qui
1542 2692 1793 2768 pallium
1833 2692 2170 2765 dictorum,
2230 2691 2333 2769 qui
2363 2678 2627 2747 Basileee

388 2798 532 2871 post
551 2788 826 2847 Nostram
854 2786 1309 2847 translationem
1325 2832 1346 2865 ,
1389 2789 1501 2848 sub
1530 2792 1773 2851 nomine
1802 2794 2093 2871 generalis
2112 2790 2369 2851 Concilii
2388 2810 2628 2850 reman-

391 2898 634 2969 serunt,
677 2888 1032 2967 auctoritate
1074 2888 1467 2969 receperunt,
1532 2903 1605 2952 ut
1646 2894 1752 2954 illo
1792 2896 1889 2986 uti
1930 2896 2165 3010 possint
2216 2891 2628 2972 praesentibus

393 2992 779 3055 concedimus
819 3001 882 3051 et
925 2980 1327 3069 indulgemus.
1411 2993 1541 3055 Illis
1584 3005 1821 3075 autem,
1884 2994 1985 3076 qui
2032 3016 2157 3056 non
2182 2992 2459 3069 habent,
2496 2994 2628 3053 sine

391 3096 754 3159 difficultate
793 3102 858 3155 et
901 3092 1080 3153 etiam
1121 3093 1310 3153 libere
1337 3098 1767 3159 concedemus·
1808 3096 1929 3155 illis
1944 3106 2189 3157 tantum
2210 3094 2481 3177 personis
2510 3116 2629 3156 ex-

393 3196 616 3279 ceptis,
660 3214 814 3275 quse
835 3195 1148 3281 occasione
1175 3196 1582 3276 privationum
1600 3245 1619 3273 ,
1664 3208 1915 3280 propter
1942 3198 2217 3259 Nostram
2255 3206 2363 3266 sut
2396 3197 2630 3257 Basile-

393 3320 591 3361 ensem
625 3296 1042 3373 adhaesionem
1071 3298 1365 3358 factarum
1382 3344 1400 3376 ,
1425 3301 1721 3361 Beneficia
1757 3296 2055 3375 detinent,
2080 3300 2145 3360 in
2174 3299 2389 3379 quibus
2410 3298 2631 3359 habeat

390 3404 594 3463 locum
636 3384 908 3481 provisio
949 3409 1012 3473 et
1054 3396 1374 3479 dispositio
1401 3420 1589 3483 super
1632 3403 1763 3481 his,
1810 3423 1960 3483 quse
1998 3412 2210 3463 contra
2234 3404 2629 3483 protestatio-

392 3526 530 3565 nem
561 3505 721 3575 fscts
751 3505 982 3581 forent,
1025 3522 1135 3582 per
1159 3504 1497 3581 praefatum
1527 3506 1741 3586 Regem
1782 3514 1845 3565 et
1876 3506 2179 3567 Electores
2196 3504 2627 3587 Imperiicon·

393 3608 649 3669 iunctim
680 3592 782 3667 vel
817 3604 1058 3667 divisim
1093 3607 1490 3687 promulgate.

561 3710 617 3787 §0
661 3709 722 3776 5.
807 3711 921 3771 Per
976 3709 1096 3767 hoc
1145 3716 1343 3769 autem
1385 3711 1539 3771 nulli
1586 3705 2083 3785 contendentium
2126 3728 2305 3790 super
2346 3708 2528 3770 titulo
2564 3720 2631 3771 et

393 3810 633 3871 laribus
687 3811 1090 3871 aeclesiarum
1142 3808 1681 3892 Frisingensis
1738 3796 1798 3871 ει
1848 3805 2297 3894 Qailiensia'
2342 3813 2627 3873 volumus

393 3910 644 3991 aliquod
669 3902 1101 3991 praeiudicium
1127 3912 1326 3973 afferri
1343 3918 1368 3986 ,'
1403 3915 1733 3974 autetiam
1762 3912 2066 3993 generari,
2107 3914 2211 3973 sed
2230 3966 2234 3973 .
2252 3914 2517 3975 liberum
2544 3914 2629 3979 sit

395 4013 718 4092 unicuique
745 4034 954 4075 eorum
980 4015 1080 4075 Ius
1102 4036 1280 4075 suum
1305 4017 1614 4097 prosequi,
1666 4017 1895 4079 iustitia
1921 4018 2237 4081 mediante.

563 4112 632 4197 §0
671 4100 748 4181 6.'
816 4116 1137 4196 Propterea
1165 4118 1376 4185 omnis,
1399 4128 1460 4179 et
1499 4118 1731 4197 singula
1745 4164 1768 4196 ,
1826 4140 1975 4200 quae
2014 4120 2196 4181 dictis
2236 4117 2627 4201 suspensione

396 4228 457 4279 et
475 4214 906 4301 p'roteststione
927 4212 1310 4296 durantibus,
1352 4220 1420 4279 in
1449 4221 1891 4299 praeiudicium
1906 4269 1925 4299 ,
1966 4232 2289 4304 gravamen
2304 4268 2323 4301 ,
2362 4222 2465 4282 vel
2490 4220 2629 4285 lae-

396 4320 624 4383 sionem
673 4316 1102 4381 iurisdictionis
1124 4365 1148 4397 ,
1207 4320 1366 4381 Iuris
1416 4322 1517 4383 vel
1568 4324 1961 4403 possessionis
2006 4326 2627 4409 monopolitanam,
