2930 4963
1439 435 1456 462 ι
2425 409 2513 476 4⁷

247 577 394 630 vata
420 567 616 628 torma
649 565 716 625 in
741 565 862 628 hoc
877 567 1128 630 lkcrsto
1161 535 1385 632 u‘ndtt·
1405 615 1424 646 ,
1470 567 1757 650 quodque
1796 567 1865 632 in
1904 569 2157 632 caeteris
2192 571 2513 639 inies-iosi-

245 671 368 731 bus
399 669 806 748 Dignitatibus
843 671 1112 733 eleotivis
1151 673 1615 752 quibuscunque
1654 670 1923 748 sufficiat
1958 673 2179 737 mods·
2218 683 2283 736 st
2316 679 2513 738 forms

245 771 576 832 iuramenti
625 771 692 830 in
719 771 1223 834 sodomama-eto
1249 771 1558 858 expressi,
1596 783 1901 836 caeteram
1934 783 2199 864 statuere
2234 779 2515 858 dignun!

994 1007 1007 1030 ἱ

244 1071 312 1107 se
342 1051 678 1107 electionem
717 1066 1040 1122 procurare.
1109 1050 1270 1106 Idem
1311 1049 1697 1104 iuramentum
1738 1060 2013 1121 praestet,
2068 1056 2515 1130 confiteaturque

245 1149 314 1192 et
339 1139 740 1201 communicet,
781 1137 878 1207 qui
905 1134 1194 1188 constituit
1221 1139 1651 1192 Procuratorem
1680 1135 1751 1188 ad
1776 1135 2096 1207 eligendum
2136 1151 2349 1194 certam
2380 1159 2511 1212 per.

245 1241 464 1278 sonam.
527 1225 672 1276 ·Nec
709 1239 824 1280 nou
867 1223 1289 1296 etl’rociirator
1329 1219 1669 1292 generaliter
1710 1221 1779 1274 ad
1826 1222 2149 1294 eligendum
2180 1227 2510 1280 constitutus

243 1310 311 1364 in
340 1309 575 1378 casibus,
603 1307 661 1362 in
691 1305 892 1378 quihus
924 1305 1236 1359 secundum·
1262 1305 1406 1358 Iuris
1446 1305 1761 1364 communis
1786 1305 2201 1376 dispositionem
2228 1311 2283 1365 in
2316 1311 2511 1366 huius·-

243 1395 406 1448 modi
435 1389 726 1448 electionis
768 1393 992 1462 neg'otio
1035 1393 1377 1446 Procurator
1415 1391 1681 1443 constitui
1710 1400 1909 1461 potest.
1997 1397 2163 1466 Quod
2205 1399 2375 1451 etiam
2418 1397 2507 1451 iu-

239 1489 572 1534 ramentum
605 1484 919 1549 praestetur
959 1476 1030 1530 ab
1059 1475 1176 1544 his,
1223 1477 1284 1532 in
1325 1493 1464 1548 quos
1502 1475 1792 1548 continget
1820 1493 1985 1548 super
2018 1481 2291 1536 electione
2325 1481 2507 1536 futuri

239 1565 503 1634 Praelati
523 1563 650 1620 fieri
676 1561 1172 1634 compromissum,
1217 1559 1313 1632 qui
1351 1562 1522 1614 etiam
1564 1561 1819 1616 confiteri
1865 1573 1923 1616 et
1964 1568 2381 1640 communicare
2420 1577 2505 1622 te-

242 1661 511 1705 neantur.
599 1649 812 1720 Quodsi
837 1647 1120 1720 praedicta
1155 1664 1264 1702 non
1309 1645 1585 1712 fecerint,
1628 1663 1732 1746 pro
1782 1647 1884 1706 illa
1930 1650 2053 1704 vice
2086 1645 2349 1725 “eligendi
2389 1653 2503 1710 sint

241 1738 372 1809 ipso
391 1737 518 1790 iure
539 1744 812 1808 potestate
835 1732 1060 1804 privati.
1145 1731 1364 1786 Deinde
1392 1731 1655 1803 eligant
1635 1749 1692 1785 ιιι
1720 1734 2034 1804 praefatum
2058 1739 2379 1794 Praelatum
2416 1739 2503 1794 vi-

241 1839 380 1878 rum
409 1821 610 1878 aetatis
637 1821 954 1894 legitimae,
983 1817 1234 1872 moribus
1262 1835 1531 1890 gravem,
1570 1817 1861 1874 literarum
1900 1823 2129 1878 scientia
2154 1811 2503 1898 praeditum,

241 1909 311 1962 in
337 1909 512 1964 sacris
537 1893 830 1965 or'dinibus
859 1903 1250 1974 constitutum,
1297 1915 1354 1957 et
1377 1905 1515 1958 alias
1540 1904 1823 1974 idoneum,
1854 1911 2161 1964 secundum
2200 1912 2499 1971 canonicas

243 1995 580 2050 sanctiones.
639 1991 853 2064 Quodsi
882 1991 1048 2044 aliter
1079 1999 1136 2043 et
1161 1989 1230 2042 de
1258 1989 1366 2042 alia
1391 1997 1657 2062 persona,
1705 2009 1873 2064 quam
1911 2004 1973 2048 ut
2007 1995 2361 2065 praedictum
2394 2005 2495 2066 est,
2542 1983 2555 2000 ’

243 2090 350 2134 aut
378 2095 482 2152 per
503 2077 886 2150 symoniacam
929 2075 1264 2151 pravitatem
1296 2077 1629 2131 electionem
1656 2077 1779 2130 fieri
1820 2081 2123 2152 contigerit
2141 2123 2155 2151 ,
2198 2083 2397 2136 electio
2424 2084 2499 2138 sit

241 2169 366 2238 ipso
407 2166 532 2221 iure
567 2163 732 2218 irrita
765 2173 822 2216 et
860 2161 1057 2216 inanis.
1143 2161 1216 2214 Et
1265 2161 1348 2215 sic
1387 2163 1704 2231 symoniace
1742 2163 2041 2238 eligentes,
2094 2179 2317 2240 praeter
2360 2163 2499 2226 alias

239 2269 482 2324 poenas,
525 2259 808 2348 perpetuo
827 2248 938 2300 sint
964 2248 1084 2318 ipso
1113 2246 1270 2300 facto
1307 2247 1428 2300 iure
1469 2247 1709 2320 eligendi
1758 2251 2005 2320 privati.
2066 2253 2177 2308 Alii
2218 2271 2348 2308 vero
2400 2273 2495 2309 ca-

239 2339 455 2392 nonicis
480 2337 674 2407 poenis
698 2333 1036 2388 subiaceant.
1121 2332 1448 2402 Symoniace
1474 2337 1663 2386 aute'm
1688 2333 1885 2401 electi,
1936 2347 1991 2390 et
2032 2339 2131 2408 qui
2172 2339 2499 2420 huiusmodi

239 2423 600 2493 symoniacae
640 2419 924 2474 electionis
973 2416 1280 2493 participes
1323 2419 1568 2487 fuerint,
1610 2417 1914 2493 taliterque
1953 2421 2219 2495 eligentes
2258 2433 2315 2479 et
2358 2443 2495 2478 con-

241 2510 486 2577 firmati,
528 2510 588 2562 in
608 2508 902 2560 horrorem
929 2503 1073 2559 tanti
1105 2502 1356 2557 criminis
1393 2520 1635 2575 poenam
1680 2506 1799 2575 ipso
1828 2508 1981 2561 facto
2025 2510 2497 2565 excommunica-

241 2596 406 2649 tionis
428 2596 722 2649 incurrant
738 2610 756 2646 ι
800 2608 905 2644 nec
931 2610 964 2645 a
991 2589 1097 2642 tali
1125 2598 1289 2641 reatu
1325 2598 1382 2641 et
1408 2592 1993 2647 excommunicatione
2018 2596 2185 2649 electi
2212 2609 2267 2651 et
2293 2598 2495 2651 confir-

240 2682 380 2734 mati
409 2679 622 2735 absolvi
647 2678 880 2750 possint,
923 2674 1028 2729 nisi
1060 2674 1340 2728 Ecclesias
1370 2686 1424 2727 et
1452 2655 1798 2747 Ilign'itateg
1846 2678 1916 2731 ad
1949 2698 2087 2751 quas
2126 2684 2375 2755 turpiter
2410 2700 2495 2737 es-

235 2768 452 2837 sumpti
482 2774 644 2830 sunt,
688 2764 866 2817 libere
896 2758 1333 2831 resignaverint:
1377 2764 1434 2813 et
1476 2762 1547 2813 ad
1586 2780 1675 2815 eas
1704 2763 2060 2835 obtinendas,
2105 2786 2243 2839 quas
2270 2769 2493 2824 nefario

236 2852 500 2924 ingressu
531 2850 718 2921 adepti
743 2858 906 2915 sunt,
949 2857 1217 2917 perpetuo
1246 2843 1560 2901 reddantur
1595 2848 1884 2903 inhabiles.
1944 2853 2027 2905 Ad
2056 2852 2364 2909 tollendam
2390 2873 2493 2909 au-

232 2946 359 2991 tem
409 2954 634 2989 omnem
681 2933 1002 2987 ambitionis
1038 2931 1321 2997 radicem,
1381 2932 1635 2987 obsecrat
1674 2950 1775 3002 per
1814 2927 2028 2990 riscera
2068 2940 2487 2995 misericordiae
2536 2956 2545 2969 ⁸

233 3024 364 3077 Iesu
394 3022 600 3077 Christi
623 3022 762 3075 haec
785 3026 980 3071 sancta
1008 3014 1257 3088 Synodus
1273 3053 1290 3083 ,
1336 3034 1403 3069 ac
1429 3018 1825 3073 instantissime
1866 3022 2187 3078 exhortatur
2210 3028 2390 3099 Reges
2430 3034 2489 3081 et

238 3108 546 3179 Principes,
587 3104 1030 3161 Communitates
1057 3110 1112 3154 et
1138 3100 1278 3155 alios
1307 3102 1712 3175 cuiuscumque
1732 3104 1956 3160 Gradus
1983 3116 2038 3161 et
2062 3110 2367 3182 Dignitatis
2390 3129 2487 3165 ex-

235 3194 468 3259 sistant,
514 3190 920 3247 ecclesiasticae
961 3188 1050 3243 vel
1089 3187 1432 3255 mundanae,
1477 3206 1591 3241 ne·
1611 3190 1944 3246 electoribus
1983 3194 2173 3249 literas
2212 3198 2485 3267 scribant,

235 3290 333 3334 aut
351 3296 548 3350 preces
571 3274 862 3349 porrigant
885 3292 992 3347 pro
1019 3290 1118 3337 ec,
1166 3273 1263 3345 qui
1290 3290 1392 3344 per
1427 3290 1489 3329 se
1526 3274 1616 3327 vel
1642 3292 1745 3347 per
1778 3276 1955 3332 alium
1986 3280 2126 3334 tales
2154 3298 2349 3364 preces
2385 3300 2487 3337 seu

231 3364 426 3419 literas
469 3364 830 3436 procurabit·
875 3360 1168 3429 multoque
1205 3358 1391 3412 minus
1435 3361 1921 3429 comminationes,
1966 3366 2355 3437 impressiones
2382 3375 2485 3421 aut

231 3448 391 3504 aliud
421 3448 672 3518 faciant,
717 3464 854 3525 quo
859 3446 1048 3499 minus
1084 3444 1263 3497 libere
1302 3444 1375 3497 ad
1415 3446 1744 3500 electionem
1770 3450 2126 3519 procedatur.
2210 3452 2484 3507 Similiter

225 3535 294 3589 in
323 3536 536 3590 virtute
560 3544 784 3589 sanctae
809 3530 1202 3602 obedientiae·
1181 3528 1310 3603 ipsis
1364 3530 1701 3586 electoribus
1745 3526 2117 3605 praecipitur,
2158 3554 2233 3591 ne
2268 3538 2340 3590 ad
2377 3536 2484 3591 hu·-

231 3620 477 3675 iusmodi
504 3621 696 3689 literas
740 3616 833 3672 vel
873 3634 1097 3689 preces,
1141 3615 1609 3669 comminationes
1646 3616 1739 3670 vel
1778 3618 2166 3691 impressiones
2204 3621 2295 3690 (ut
2319 3636 2485 3693 prae·

228 3708 518 3775 mittitur)
550 3720 894 3779 quemquam
919 3700 1126 3775 eligere
1148 3710 1523 3772 praesumant.
1606 3704 1783 3757 Facta
1800 3714 1991 3759 autem
2018 3704 2291 3761 electione
2320 3698 2390 3762 et'
2409 3706 2485 3779 ei,

231 3792 302 3845 ad
337 3808 504 3865 quem
535 3792 621 3845 ius
643 3792 891 3865 pertinet
913 3786 1286 3843 confirmandi
1301 3824 1320 3855 ,
1363 3796 1750 3861 praesentata,
1791 3790 1839 3844 si
1866 3799 2134 3863 appareat
2182 3794 2483 3865 coelectus,

229 3876 324 3931 vel
367 3894 427 3932 se
457 3892 746 3949 opponens
791 3874 1080 3942 electioni,
1123 3872 1460 3927 nominatim
1501 3884 1769 3943 vocetur,
1826 3876 1895 3929 ad
1934 3876 2236 3933 videndum
2276 3878 2485 3933 discuti

229 3962 517 4018 electionis
543 3963 856 4034 negotium.
943 3960 1018 4015 Et
1044 3958 1406 4011 nihilominus
1431 3960 1769 4033 generaliter
1800 3963 2059 4016 'edictum
2097 3964 2385 4035 publicum
2419 3964 2483 4017 in

227 4050 498 4117 ecclesia,
540 4048 599 4101 in
629 4064 740 4119 qua
761 4048 910 4101 facta
935 4054 1018 4099 est
1045 4042 1280 4112 electiO,
1321 4056 1673 4121 proponatur
1714 4047 1871 4101 iuxta
1911 4050 2369 4107 constitutionem
2398 4048 2485 4103 fe-

225 4133 352 4189 licis
381 4134 784 4189 recordationis
810 4128 1096 4198 Bonisccii
1127 4132 1280 4185 VIII.
1367 4132 1845 4202 Comparentibus
1865 4144 2055 4188 autem
2087 4135 2364 4206 aliquibus
2390 4134 2483 4189 vel

224 4234 374 4285 non,
421 4219 832 4274 nibilominus
812 4234 932 4291 ipse
959 4212 1343 4271 confirmator
1369 4232 1444 4269 ex
1484 4218 1675 4271 officio
1710 4227 1983 4291 tanquam
2028 4220 2101 4273 in·
2118 4221 2345 4293 negotio
2392 4220 2483 4273 in-

225 4304 540 4377 quisitionis
575 4304 878 4377 procedat,
935 4316 1162 4357 omnem
1206 4300 1563 4357 adhibiturus
1604 4302 1984 4377 diligentiam,
2034 4316 2099 4359 ut
2133 4316 2253 4359 tam
2292 4306 2481 4359 forma

225 4388 513 4447 electionis
539 4406 718 4465 quam
743 4392 946 4445 merita
985 4388 1148 4444 electi
1162 4426 1180 4457 ,
1221 4396 1282 4443 et
1313 4402 1515 4447 omnes
1542 4388 2003 4448 cirmmstsntiae
2044 4391 2249 4447 debite:
2262 4390 2477 4445 exami-

2426 4558 2437 4575 ἱ
2496 4528 2509 4557 Ι
