2930 4963
2425 383 2546 448 181

288 543 523 630 poralia
549 561 678 607 non
704 551 999 628 perpetua
1030 533 1462 638 quaerebamus
1485 547 1544 634 1·)
1576 549 1655 612 ad
1681 547 1958 612 futurum
1982 567 2178 632 usque
2201 549 2544 612 Concilium

286 657 609 720 mansura„
674 645 772 708 ΕΣ
800 645 1224 709 nardina-liba·
1262 649 1508 728 quidam
1535 652 1956 713 auctoritatem
1986 648 2204 711 summi
2231 650 2544 714 Pontificis

284 751 479 813 minui
518 748 849 828 timebant,
908 743 1157 830 'quidm
1202 753 1636 831 emolumenta,
1703 753 1951 835 quidam
2007 761 2357 833 utrumque.
2460 753 2542 820 At

282 862 615 936 postquam
654 850 865 913 diebus
892 851 1175 934 plurimis
1208 852 1610 937 disceptatum
1649 865 1744 917 est
1789 865 1850 918 st
1891 875 2082 936 usque
2125 845 2205 915 sd
2247 855 2540 936 despera-

282 956 510 1017 tionem
548 953 881 1032 litigatum,
922 953 1166 1015 inventa
1190 953 1430 1016 demum
1473 957 1801 1018 concordia
1835 965 1944 1018 est.
2029 957 2400 1034 Concilium,
2443 957 2540 1018 uti
2651 1041 2661 1048 .

280 1055 640 1142 petivimus,
680 1055 1037 1136 promissum
1070 1065 1191 1132 est,
1226 1055 1480 1117 Decreta
1513 1057 1862 1119 Basiliensis
1893 1058 2146 1118 Concilii
2159 1105 2179 1136 ,
2221 1079 2534 1140 usquequo

240 1221 249 1244 ,
280 1159 347 1220 in
384 1160 599 1220 futuro
635 1157 907 1218 Concilio
950 1157 1130 1218 aliter
1166 1157 1514 1237 ordinetur,
1567 1169 1812 1240 recepta
1853 1167 2028 1231 sunt,
2083 1161 2187 1222 vel
2227 1181 2535 1242 usquequo

282 1283 426 1323 cum
458 1263 681 1340 Legato
704 1257 1100 1342 aliter-‚fuerit
1127 1259 1579 1324 concordatum.
1667 1263 1842 1324 Circa
1875 1280 2242 1343 possessores
2269 1263 2534 1350 amplius

276 1365 604 1448 provisum
648 1369 772 1442 est,
832 1379 1012 1443 quam
1050 1369 1294 1422 nostrae
1342 1361 1773 1448 instructiones
1822 1343 2238 1446 exposcerent.
2321 1365 2534 1426 Resti-

262 1466 438 1529 ⁴tutio
490 1466 883 1527 Dominarum
926 1463 1311 1525 Treverensis
1366 1473 1429 1526 et
1475 1447 1848 1528 coloniensis
1872 1466 2530 1548 'Archiepiscoporum‚

277 1579 355 1631 ut
383 1569 453 1630 in
476 1569 751 1630 articulis
770 1564 1123 1642 habuimus,
1152 1567 1512 1648 repromissa
1539 1577 1646 1628 est.
1690 1569 1864 1636 Circa
1890 1569 2322 1651 professionem
2341 1569 2532 1630 maior

202 1727 208 1732 .
281 1671 609 1734 difficultas
636 1671 771 1731 fnit.
810 1667 1275 1742 ⁴Auctoritatem
1303 1693 1562 1752 namque
1593 1668 2004 1734 Conciliorum
2021 1715 2040 1747 ,
2087 1673 2176 1732 uti
2204 1673 2270 1731 iu
2299 1670 2530 1732 Basilea

276 1775 585 1837 declarata
611 1774 839 1849 hietat,
882 1769 1053 1830 nullo
1080 1780 1261 1850 pacto
1288 1773 1858 1863 admitti'volebant.
1926 1771 2046 1833 Sed
2073 1771 2352 1856 opitulati
2382 1782 2530 1833 sunt
2557 1783 2562 1786 '

276 1879 346 1938 in
384 1897 451 1936 ea
491 1895 560 1937 re
598 1873 775 1935 nobis
810 1871 1145 1951 Magantim‘
1158 1916 1188 1948 ,
1216 1869 1333 1953 ‘qui
1370 1875 1449 1936 ad
1487 1875 1744 1938 concilii
1773 1875 2245 1938 constantiensis
2278 1877 2528 1937 Decreta

274 1978 495 2042 referri
528 1977 699 2038 illam
736 1973 1027 2035 sufficere·
1047 1974 1365 2038 dixer-unte
1411 1999 1560 2059 quos
1592 1987 1832 2039 secutus
1863 1987 1954 2038 est
1977 1977 2528 2058 Brandeburgensis

278 2079 538 2158 Orator,
582 2089 643 2140 'et
670 2098 785 2139 nos
816 2077 1043 2158 volupe
1076 2079 1455 2144 accessimus.
1513 2083 1709 2162 Super
1733 2079 1830 2140 Iris
1863 2079 2142 2140 omnibus
2161 2080 2294 2142 fieri
2317 2081 2526 2140 minu-

274 2193 367 2244 tas
399 2183 709 2244 obtentum
740 2190 848 2242 est.
935 2179 1054 2240 Sed
1092 2179 1159 2239 in
1193 2179 1320 2239 illis
1362 2181 1544 2242 etiam
1574 2181 1802 2242 diutius
1831 2181 2201 2264 disputatum
2235 2192 2346 2246 est.
2429 2182 2526 2242 Ad
2653 2271 2658 2278 1

276 2296 615 2348 extremum
649 2293 709 2344 et
749 2281 934 2344 verba
973 2291 1033 2342 et
1064 2265 1368 2369 clausulae
1394 2285 1591 2344 nostri
1617 2282 1866 2345 arbitrio
1903 2295 2143 2364 recepta
2181 2295 2343 2345 sunt.
2420 2284 2526 2346 Ad

272 2388 428 2450 haec
454 2371 653 2450 autem
682 2383 1003 2446 obtinenda
1028 2383 1271 2444 nomine
1293 2383 1488 2464 regiae
1511 2385 1834 2447 Maiestatis
1879 2397 2138 2467 quatuor
2171 2387 2524 2469 promittere

272 2512 389 2555 nos
437 2490 755 2573 oportuit‚·
804 2507 955 2567 quae
999 2506 1035 2545 a
1075 2486 1303 2547 nostris
1350 2488 1854 2549 instructionibus
1909 2510 2038 2551 nen
2089 2501 2260 2551 erant
2307 2489 2520 2550 aliena.

272 2596 581 2671 Primum,
638 2590 804 2673 quod
849 2588 1015 2669 regia
1054 2588 1368 2668 Maiestas,
1426 2602 1604 2669 quam
1641 2590 1904 2672 primum
1949 2592 2262 2653 commode
2298 2600 2523 2673 posset,

271 2696 590 2758 intellecta
630 2691 1033 2753 declaratione
1062 2690 1287 2752 Romae
1324 2692 1515 2770 facta,
1558 2694 1780 2755 iterum
1824 2716 1890 2757 se
1929 2696 2277 2758 solemniter
2305 2694 2524 2755 deela-

270 2808 473 2874 raret,
533 2795 965 2873 mandaretque
1010 2792 1393 2875 Principibus
1438 2804 1504 2856 et
1557 2795 1940 2875 civitatibus,
2003 2806 2074 2858 ut
2125 2816 2270 2879 suae
2315 2796 2520 2857 decla-

270 2900 501 2965 rationi
526 2920 590 2960 se
620 2898 1085 2959 conformarent.
1156 2896 1536 2976 Secundum,
1583 2898 1751 2976 qnod
1779 2898 1971 2980 recipi
1999 2900 2282 2981 Legatum
2309 2893 2538 2959 hono-'

270 3002 474 3080 affice,
533 3008 603 3062 ut
640 3001 833 3086 ,moris
888 3008 1008 3078 est,
1067 2998 1457 3079 praeciperet.
1551 3000 1816 3061 Tertium
1831 3046 1850 3079 ,
1907 3002 2074 3081 quod
2111 3012 2172 3063 et
2209 2999 2521 3062 Basiliensi

272 3105 513 3167 civitati
548 3104 972 3181 mandaretur,
1016 3110 1093 3160 ut
1132 3100 1367 3159 salvum
1402 3099 1782 3162 Conductum
1811 3114 2172 3199 revocarent
2205 3103 2364 3182 illis,
2386 3122 2394 3137 ·
2419 3101 2521 3183 qui

272 3206 387 3269 sub
428 3208 673 3267 nomine
714 3204 981 3267 concilii.
1004 3203 1136 3263 illic
1179 3202 1480 3280 degerent.
1567 3202 1898 3283 Quartum,
1958 3208 2124 3288 quod
2167 3208 2242 3269 ad
2277 3228 2519 3267 recom-

268 3322 521 3392 pensam
550 3308 932 3389 Apostolicae
962 3306 1101 3366 Sedi
1132 3303 1468 3365 faciendam
1495 3306 1656 3385 regia
1684 3309 1982 3370 Serenitas
2009 3330 2136 3370 uon
2165 3311 2358 3370 solum
2388 3327 2519 3366 me-
2555 3322 2560 3328 ·

272 3410 619 3488 diatricem‚
662 3410 769 3471 sed
792 3410 971 3469 etiam
1002 3405 1360 3467 adiutricem
1384 3426 1448 3466 se
1475 3406 1797 3473 exhiberet.
1861 3410 2024 3471 Haec
2058 3412 2252 3472 omnia
2281 3408 2520 3469 nomine

270 3514 439 3594 regio
478 3512 861 3595 promisimus
878 3555 897 3588 ,
942 3508 1085 3591 quia
1110 3508 1198 3567 sie
1231 3508 1663 3569 instructiones
1689 3520 1930 3573 nostrae
1964 3532 2074 3573 nos
2103 3509 2520 3573 admonebant.

271 3616 451 3679 Nunc
494 3616 642 3695 Regi
677 3612 1007 3690 incumbit,
1067 3611 1234 3691 quod
1274 3610 1636 3691 promissum
1683 3622 1808 3691 est,
1864 3616 2078 3675 facere.
2158 3613 2296 3695 lpse
2339 3610 2520 3687 enim,

270 3738 399 3780 non
433 3738 547 3779 nos
573 3716 977 3799 promisimus.
1066 3712 1425 3789 Quicunque
1459 3714 1780 3793 pactatsibi
1801 3714 2030 3776 servari
2056 3716 2224 3793 vult,
2269 3736 2346 3774 ne
2375 3712 2517 3774 vio-

271 3820 436 3881 lator
468 3808 791 3900 pactorum
818 3814 1199 3892 inveniatur,
1240 3808 1471 3877 caveat.
1526 3814 1856 3899 Reciproca
1884 3827 2028 3879 sunt
2046 3820 2222 3881 ultro
2245 3818 2520 3898 citroque

398 4080 459 4151 Ιὓ)
496 4082 611 4136 Mit
628 4082 811 4139 Recht
832 4040 1098 4137 hemer-kt
1106 4082 1233 4139 bier
1254 4083 1356 4139 der
1365 4040 1813 4139 xemmmtstor
1823 4079 1925 4135 der
1951 4080 2238 4135 teutschen
2253 4080 2521 4149 Pragma-

262 4164 386 4221 sik:
430 4166 519 4221 Ex
550 4166 661 4221 hoc
694 4170 911 4223 Aeneae
944 4168 1073 4229 Ioco
1106 4169 1510 4245 intelligimus,
1552 4184 1679 4223 eam
1705 4182 1838 4221 vere
1869 4174 1996 4221 tum
2029 4164 2203 4220 fuisse
2235 4162 2522 4235 paciscen-

266 4252 753 4393 tfligiummzientem,
803 4263 871 4308 nt
905 4263 1135 4327 pactum
1148 4298 1170 4331 ‚
1228 4271 1346 4310 non
1386 4262 1730 4345 perpetuum
1745 4292 1762 4322 ,
1817 4248 1916 4306 sed
1951 4248 2358 4337 temporarium
2389 4262 2524 4301 con-
