<?xml version="1.0" encoding="UTF-8"?>
<!DOCTYPE html PUBLIC "-//W3C//DTD XHTML 1.0 Transitional//EN"
    "http://www.w3.org/TR/xhtml1/DTD/xhtml1-transitional.dtd">
<html xmlns="http://www.w3.org/1999/xhtml" xml:lang="en" lang="en">
 <head>
  <title>
</title>
<meta http-equiv="Content-Type" content="text/html;charset=utf-8" />
  <meta name='ocr-system' content='tesseract 3.04.00' />
  <meta name='ocr-capabilities' content='ocr_page ocr_carea ocr_par ocr_line ocrx_word'/>
</head>
<body>
  <div class='ocr_page' id='page_1' title='image "./vollstndigesamm01mngoog_0254.png"; bbox 0 0 2930 4963; ppageno 0'>
   <div class='ocr_carea' id='block_1_1' title="bbox 295 331 534 446">
    <p class='ocr_par' dir='ltr' id='par_1_1' title="bbox 295 331 534 446">
     <span class='ocr_line' id='line_1_1' title="bbox 295 331 534 446; baseline 0 -50"><span class='ocrx_word' id='word_1_1' title='bbox 295 367 298 372; x_wconf 96' lang='lat'>·</span> <span class='ocrx_word' id='word_1_2' title='bbox 397 331 534 446; x_wconf 61' lang='lat'><strong>249</strong></span> 
     </span>
    </p>
   </div>
   <div class='ocr_carea' id='block_1_2' title="bbox 397 490 2713 1190">
    <p class='ocr_par' dir='ltr' id='par_1_2' title="bbox 398 490 2655 588">
     <span class='ocr_line' id='line_1_2' title="bbox 398 490 2655 588; baseline -0.001 -32"><span class='ocrx_word' id='word_1_3' title='bbox 398 491 571 578; x_wconf 67' lang='lat' dir='ltr'><strong>gistis</strong></span> <span class='ocrx_word' id='word_1_4' title='bbox 597 503 658 556; x_wconf 85' lang='lat' dir='ltr'><strong>et</strong></span> <span class='ocrx_word' id='word_1_5' title='bbox 687 495 1130 588; x_wconf 69' lang='lat' dir='ltr'><strong>expeditionem</strong></span> <span class='ocrx_word' id='word_1_6' title='bbox 1159 492 1351 576; x_wconf 86' lang='lat' dir='ltr'><strong>ipsius</strong></span> <span class='ocrx_word' id='word_1_7' title='bbox 1389 513 1607 556; x_wconf 80' lang='lat' dir='ltr'><strong>causae</strong></span> <span class='ocrx_word' id='word_1_8' title='bbox 1646 490 1944 556; x_wconf 82' lang='lat' dir='ltr'><strong>malitiose</strong></span> <span class='ocrx_word' id='word_1_9' title='bbox 1980 491 2315 576; x_wconf 76' lang='lat' dir='ltr'><strong>impediens</strong></span> <span class='ocrx_word' id='word_1_10' title='bbox 2332 537 2349 570; x_wconf 93' lang='lat'><strong>,</strong></span> <span class='ocrx_word' id='word_1_11' title='bbox 2408 492 2655 572; x_wconf 80' lang='lat' dir='ltr'><strong>gravis-</strong></span> 
     </span>
    </p>

    <p class='ocr_par' dir='ltr' id='par_1_3' title="bbox 397 577 2713 1190">
     <span class='ocr_line' id='line_1_3' title="bbox 401 577 2713 690; baseline -0.002 -30"><span class='ocrx_word' id='word_1_12' title='bbox 401 599 548 660; x_wconf 86' lang='lat' dir='ltr'><strong>sime</strong></span> <span class='ocrx_word' id='word_1_13' title='bbox 581 619 693 680; x_wconf 84' lang='lat' dir='ltr'><strong>per</strong></span> <span class='ocrx_word' id='word_1_14' title='bbox 729 601 966 660; x_wconf 87' lang='lat' dir='ltr'><strong>eosdem</strong></span> <span class='ocrx_word' id='word_1_15' title='bbox 1007 597 1237 658; x_wconf 87' lang='lat' dir='ltr'><strong>iudices</strong></span> <span class='ocrx_word' id='word_1_16' title='bbox 1283 597 1648 669; x_wconf 84' lang='lat' dir='ltr'><strong>mulctetur,</strong></span> <span class='ocrx_word' id='word_1_17' title='bbox 1702 597 1881 658; x_wconf 89' lang='lat' dir='ltr'><strong>etiam</strong></span> <span class='ocrx_word' id='word_1_18' title='bbox 1917 617 2108 678; x_wconf 82' lang='lat' dir='ltr'><strong>usque</strong></span> <span class='ocrx_word' id='word_1_19' title='bbox 2134 596 2212 658; x_wconf 83' lang='lat' dir='ltr'><strong>ad</strong></span> <span class='ocrx_word' id='word_1_20' title='bbox 2238 593 2653 690; x_wconf 73' lang='lat' dir='ltr'><strong>privationem</strong></span> <span class='ocrx_word' id='word_1_21' title='bbox 2688 577 2713 589; x_wconf 55' lang='grc'><strong><em>’</em></strong></span> 
     </span>
     <span class='ocr_line' id='line_1_4' title="bbox 397 687 2654 782; baseline -0.002 -20"><span class='ocrx_word' id='word_1_22' title='bbox 397 701 582 778; x_wconf 88' lang='lat' dir='ltr'><strong>iuris,</strong></span> <span class='ocrx_word' id='word_1_23' title='bbox 623 700 692 760; x_wconf 87' lang='lat' dir='ltr'><strong>in</strong></span> <span class='ocrx_word' id='word_1_24' title='bbox 715 699 1062 762; x_wconf 84' lang='lat' dir='ltr'><strong>huiusmodi</strong></span> <span class='ocrx_word' id='word_1_25' title='bbox 1086 719 1374 781; x_wconf 86' lang='lat' dir='ltr'><strong>processu</strong></span> <span class='ocrx_word' id='word_1_26' title='bbox 1407 697 1737 782; x_wconf 76' lang='lat' dir='ltr'><strong>praetensi,</strong></span> <span class='ocrx_word' id='word_1_27' title='bbox 1778 698 1835 758; x_wconf 89' lang='lat' dir='ltr'><strong>si</strong></span> <span class='ocrx_word' id='word_1_28' title='bbox 1862 698 1947 758; x_wconf 87' lang='lat' dir='ltr'><strong>eis</strong></span> <span class='ocrx_word' id='word_1_29' title='bbox 1975 700 2175 761; x_wconf 78' lang='lat' dir='ltr'><strong>visum</strong></span> <span class='ocrx_word' id='word_1_30' title='bbox 2202 687 2416 776; x_wconf 82' lang='lat' dir='ltr'><strong>fuerit,</strong></span> <span class='ocrx_word' id='word_1_31' title='bbox 2458 717 2654 780; x_wconf 84' lang='lat' dir='ltr'><strong>super</strong></span> 
     </span>
     <span class='ocr_line' id='line_1_5' title="bbox 401 799 2655 884; baseline -0.003 -19"><span class='ocrx_word' id='word_1_32' title='bbox 401 825 524 884; x_wconf 86' lang='lat' dir='ltr'><strong>quo</strong></span> <span class='ocrx_word' id='word_1_33' title='bbox 547 821 756 864; x_wconf 86' lang='lat' dir='ltr'><strong>eorum</strong></span> <span class='ocrx_word' id='word_1_34' title='bbox 785 803 1180 864; x_wconf 82' lang='lat' dir='ltr'><strong>conscientias</strong></span> <span class='ocrx_word' id='word_1_35' title='bbox 1213 821 1549 864; x_wconf 78' lang='lat' dir='ltr'><strong>oneramus.</strong></span> <span class='ocrx_word' id='word_1_36' title='bbox 1636 799 1729 862; x_wconf 83' lang='lat' dir='ltr'><strong>Ab</strong></span> <span class='ocrx_word' id='word_1_37' title='bbox 1778 799 2254 863; x_wconf 75' lang='lat' dir='ltr'><strong>interlocutoriis</strong></span> <span class='ocrx_word' id='word_1_38' title='bbox 2298 807 2495 860; x_wconf 89' lang='lat' dir='ltr'><strong>autem</strong></span> <span class='ocrx_word' id='word_1_39' title='bbox 2538 819 2655 858; x_wconf 88' lang='lat' dir='ltr'><strong>se-</strong></span> 
     </span>
     <span class='ocr_line' id='line_1_6' title="bbox 403 877 2655 984; baseline -0.001 -20"><span class='ocrx_word' id='word_1_40' title='bbox 403 905 604 966; x_wconf 87' lang='lat' dir='ltr'><strong>cundo</strong></span> <span class='ocrx_word' id='word_1_41' title='bbox 626 948 647 983; x_wconf 87' lang='lat'><strong>,</strong></span> <span class='ocrx_word' id='word_1_42' title='bbox 702 927 737 964; x_wconf 89' lang='lat' dir='ltr'><strong>a</strong></span> <span class='ocrx_word' id='word_1_43' title='bbox 778 905 1118 966; x_wconf 85' lang='lat' dir='ltr'><strong>diffinitivis</strong></span> <span class='ocrx_word' id='word_1_44' title='bbox 1154 923 1298 964; x_wconf 82' lang='lat' dir='ltr'><strong>vero</strong></span> <span class='ocrx_word' id='word_1_45' title='bbox 1329 903 1543 980; x_wconf 89' lang='lat' dir='ltr'><strong>tertio,</strong></span> <span class='ocrx_word' id='word_1_46' title='bbox 1598 924 1930 984; x_wconf 83' lang='lat' dir='ltr'><strong>provocare</strong></span> <span class='ocrx_word' id='word_1_47' title='bbox 1972 877 2099 962; x_wconf 75' lang='lat' dir='ltr'><strong>tion</strong></span> <span class='ocrx_word' id='word_1_48' title='bbox 2144 902 2330 962; x_wconf 87' lang='lat' dir='ltr'><strong>licere</strong></span> <span class='ocrx_word' id='word_1_49' title='bbox 2368 899 2655 962; x_wconf 81' lang='lat' dir='ltr'><strong>decerni-</strong></span> 
     </span>
     <span class='ocr_line' id='line_1_7' title="bbox 403 1004 2655 1094; baseline -0.003 -26"><span class='ocrx_word' id='word_1_50' title='bbox 403 1029 539 1068; x_wconf 86' lang='lat' dir='ltr'><strong>mus</strong></span> <span class='ocrx_word' id='word_1_51' title='bbox 559 1051 578 1081; x_wconf 93' lang='lat'><strong>,</strong></span> <span class='ocrx_word' id='word_1_52' title='bbox 621 1007 733 1069; x_wconf 83' lang='lat' dir='ltr'><strong>sed</strong></span> <span class='ocrx_word' id='word_1_53' title='bbox 762 1009 1062 1094; x_wconf 81' lang='lat' dir='ltr'><strong>volumus·</strong></span> <span class='ocrx_word' id='word_1_54' title='bbox 1071 1005 1392 1064; x_wconf 87' lang='lat' dir='ltr'><strong>secundam</strong></span> <span class='ocrx_word' id='word_1_55' title='bbox 1429 1006 1783 1065; x_wconf 83' lang='lat' dir='ltr'><strong>sententiam</strong></span> <span class='ocrx_word' id='word_1_56' title='bbox 1813 1004 2322 1066; x_wconf 80' lang='lat' dir='ltr'><strong>interlocutoriam</strong></span> <span class='ocrx_word' id='word_1_57' title='bbox 2342 1047 2362 1078; x_wconf 87' lang='grc'>,</span> <span class='ocrx_word' id='word_1_58' title='bbox 2420 1011 2481 1062; x_wconf 86' lang='lat' dir='ltr'><strong>et</strong></span> <span class='ocrx_word' id='word_1_59' title='bbox 2510 1011 2655 1062; x_wconf 85' lang='lat' dir='ltr'><strong>ter-</strong></span> 
     </span>
     <span class='ocr_line' id='line_1_8' title="bbox 401 1105 2657 1190; baseline -0.002 -21"><span class='ocrx_word' id='word_1_60' title='bbox 401 1111 547 1170; x_wconf 85' lang='lat' dir='ltr'><strong>tiam</strong></span> <span class='ocrx_word' id='word_1_61' title='bbox 576 1109 962 1170; x_wconf 83' lang='lat' dir='ltr'><strong>diffinitivam</strong></span> <span class='ocrx_word' id='word_1_62' title='bbox 979 1153 997 1185; x_wconf 92' lang='lat'><strong>,</strong></span> <span class='ocrx_word' id='word_1_63' title='bbox 1051 1106 1230 1167; x_wconf 86' lang='lat' dir='ltr'><strong>etiam</strong></span> <span class='ocrx_word' id='word_1_64' title='bbox 1253 1109 1622 1184; x_wconf 74' lang='lat' dir='ltr'><strong>conformem</strong></span> <span class='ocrx_word' id='word_1_65' title='bbox 1670 1106 1859 1190; x_wconf 85' lang='lat' dir='ltr'><strong>(omni</strong></span> <span class='ocrx_word' id='word_1_66' title='bbox 1888 1129 2055 1168; x_wconf 83' lang='lat' dir='ltr'><strong>mora</strong></span> <span class='ocrx_word' id='word_1_67' title='bbox 2064 1105 2373 1185; x_wconf 85' lang='lat' dir='ltr'><strong>cessante)</strong></span> <span class='ocrx_word' id='word_1_68' title='bbox 2418 1123 2657 1166; x_wconf 75' lang='lat' dir='ltr'><strong>execu-</strong></span> 
     </span>
    </p>
   </div>
   <div class='ocr_carea' id='block_1_3' title="bbox 401 1202 2765 1292">
    <p class='ocr_par' dir='ltr' id='par_1_4' title="bbox 401 1202 2765 1292">
     <span class='ocr_line' id='line_1_9' title="bbox 401 1202 2765 1292; baseline -0.003 -20"><span class='ocrx_word' id='word_1_69' title='bbox 401 1211 556 1272; x_wconf 87' lang='lat' dir='ltr'><strong>tioni</strong></span> <span class='ocrx_word' id='word_1_70' title='bbox 585 1212 816 1271; x_wconf 84' lang='lat' dir='ltr'><strong>debitae</strong></span> <span class='ocrx_word' id='word_1_71' title='bbox 853 1209 1199 1272; x_wconf 84' lang='lat' dir='ltr'><strong>demandari</strong></span> <span class='ocrx_word' id='word_1_72' title='bbox 1225 1202 1478 1292; x_wconf 80' lang='lat' dir='ltr'><strong>debere,</strong></span> <span class='ocrx_word' id='word_1_73' title='bbox 1534 1230 1893 1292; x_wconf 86' lang='lat' dir='ltr'><strong>quacunque</strong></span> <span class='ocrx_word' id='word_1_74' title='bbox 1934 1207 2338 1292; x_wconf 78' lang='lat' dir='ltr'><strong>appellatione</strong></span> <span class='ocrx_word' id='word_1_75' title='bbox 2361 1207 2656 1290; x_wconf 86' lang='lat' dir='ltr'><strong>interpo-</strong></span> <span class='ocrx_word' id='word_1_76' title='bbox 2758 1281 2765 1284; x_wconf 32' lang='grc'>-</span> 
     </span>
    </p>
   </div>
   <div class='ocr_carea' id='block_1_4' title="bbox 352 1285 2661 2929">
    <p class='ocr_par' dir='ltr' id='par_1_5' title="bbox 394 1285 2461 1392">
     <span class='ocr_line' id='line_1_10' title="bbox 394 1285 2461 1392; baseline -0 -19"><span class='ocrx_word' id='word_1_77' title='bbox 394 1312 534 1374; x_wconf 77' lang='lat' dir='ltr'><strong>sita·</strong></span> <span class='ocrx_word' id='word_1_78' title='bbox 529 1335 679 1374; x_wconf 89' lang='lat' dir='ltr'><strong>·non</strong></span> <span class='ocrx_word' id='word_1_79' title='bbox 710 1285 1005 1377; x_wconf 83' lang='lat' dir='ltr'><strong>obstante.</strong></span> <span class='ocrx_word' id='word_1_80' title='bbox 2452 1381 2461 1392; x_wconf 26' lang='grc' dir='ltr'><em>α</em></span> 
     </span>
    </p>

    <p class='ocr_par' dir='ltr' id='par_1_6' title="bbox 352 1413 2661 2929">
     <span class='ocr_line' id='line_1_11' title="bbox 569 1413 2655 1498; baseline -0.002 -21"><span class='ocrx_word' id='word_1_81' title='bbox 569 1415 638 1498; x_wconf 72' lang='lat'><strong>§-</strong></span> <span class='ocrx_word' id='word_1_82' title='bbox 682 1421 743 1484; x_wconf 81' lang='grc'><strong>9.</strong></span> <span class='ocrx_word' id='word_1_83' title='bbox 829 1417 928 1476; x_wconf 86' lang='lat' dir='ltr'><strong>De</strong></span> <span class='ocrx_word' id='word_1_84' title='bbox 969 1413 1351 1496; x_wconf 87' lang='lat' dir='ltr'><strong>pacificis</strong></span> <span class='ocrx_word' id='word_1_85' title='bbox 1393 1414 2005 1497; x_wconf 84' lang='lat' dir='ltr'><strong>possessoribus.</strong></span> <span class='ocrx_word' id='word_1_86' title='bbox 2101 1413 2432 1476; x_wconf 70' lang='lat' dir='ltr'><strong>statuimus</strong></span> <span class='ocrx_word' id='word_1_87' title='bbox 2478 1432 2655 1493; x_wconf 83' lang='lat' dir='ltr'><strong>quo-</strong></span> 
     </span>
     <span class='ocr_line' id='line_1_12' title="bbox 405 1513 2653 1604; baseline -0.001 -27"><span class='ocrx_word' id='word_1_88' title='bbox 405 1537 556 1600; x_wconf 84' lang='lat' dir='ltr'><strong>que,</strong></span> <span class='ocrx_word' id='word_1_89' title='bbox 591 1515 754 1596; x_wconf 86' lang='lat' dir='ltr'><strong>quod</strong></span> <span class='ocrx_word' id='word_1_90' title='bbox 771 1517 1150 1598; x_wconf 86' lang='lat' dir='ltr'><strong>quicunque,</strong></span> <span class='ocrx_word' id='word_1_91' title='bbox 1181 1517 1509 1578; x_wconf 82' lang='lat' dir='ltr'><strong>dummodo</strong></span> <span class='ocrx_word' id='word_1_92' title='bbox 1530 1529 1651 1578; x_wconf 87' lang='lat' dir='ltr'><strong>no&#39;n</strong></span> <span class='ocrx_word' id='word_1_93' title='bbox 1674 1513 1757 1578; x_wconf 82' lang='lat' dir='ltr'><strong>sit</strong></span> <span class='ocrx_word' id='word_1_94' title='bbox 1768 1518 2119 1604; x_wconf 33' lang='lat' dir='ltr'><strong>‘violentum</strong></span> <span class='ocrx_word' id='word_1_95' title='bbox 2162 1518 2267 1578; x_wconf 83' lang='lat' dir='ltr'><strong>sed</strong></span> <span class='ocrx_word' id='word_1_96' title='bbox 2282 1516 2505 1577; x_wconf 86' lang='lat' dir='ltr'><strong>habens</strong></span> <span class='ocrx_word' id='word_1_97' title='bbox 2536 1535 2653 1574; x_wconf 80' lang='lat' dir='ltr'><strong>co·-</strong></span> 
     </span>
     <span class='ocr_line' id='line_1_13' title="bbox 395 1618 2651 1701; baseline -0.001 -20"><span class='ocrx_word' id='word_1_98' title='bbox 395 1619 668 1686; x_wconf 72' lang='lat' dir='ltr'><strong>,loratum</strong></span> <span class='ocrx_word' id='word_1_99' title='bbox 708 1619 992 1694; x_wconf 80' lang='lat' dir='ltr'><strong>titulum,</strong></span> <span class='ocrx_word' id='word_1_100' title='bbox 1049 1619 1300 1701; x_wconf 83' lang='lat' dir='ltr'><strong>pacifice·</strong></span> <span class='ocrx_word' id='word_1_101' title='bbox 1331 1628 1392 1678; x_wconf 89' lang='lat' dir='ltr'><strong>et</strong></span> <span class='ocrx_word' id='word_1_102' title='bbox 1433 1621 1565 1679; x_wconf 87' lang='lat' dir='ltr'><strong>sine</strong></span> <span class='ocrx_word' id='word_1_103' title='bbox 1600 1621 1711 1680; x_wconf 74' lang='lat' dir='ltr'><strong>lite</strong></span> <span class='ocrx_word' id='word_1_104' title='bbox 1754 1621 2189 1700; x_wconf 78' lang='lat' dir='ltr'><strong>Praelaturam,</strong></span> <span class='ocrx_word' id='word_1_105' title='bbox 2255 1618 2651 1698; x_wconf 71' lang='lat' dir='ltr'><strong>Dignitatem,</strong></span> 
     </span>
     <span class='ocr_line' id='line_1_14' title="bbox 405 1719 2655 1804; baseline -0.001 -23"><span class='ocrx_word' id='word_1_106' title='bbox 405 1729 796 1804; x_wconf 84' lang='lat' dir='ltr'><strong>personatum</strong></span> <span class='ocrx_word' id='word_1_107' title='bbox 849 1731 907 1780; x_wconf 90' lang='lat' dir='ltr'><strong>et</strong></span> <span class='ocrx_word' id='word_1_108' title='bbox 947 1720 1551 1800; x_wconf 84' lang='lat' dir='ltr'><strong>administrat-ionem,</strong></span> <span class='ocrx_word' id='word_1_109' title='bbox 1610 1723 1711 1782; x_wconf 82' lang='lat' dir='ltr'><strong>vel</strong></span> <span class='ocrx_word' id='word_1_110' title='bbox 1752 1721 2053 1794; x_wconf 83' lang='lat' dir='ltr'><strong>officium,</strong></span> <span class='ocrx_word' id='word_1_111' title='bbox 2098 1741 2205 1782; x_wconf 88' lang='lat' dir='ltr'><strong>seu</strong></span> <span class='ocrx_word' id='word_1_112' title='bbox 2244 1719 2655 1803; x_wconf 78' lang='lat' dir='ltr'><strong>quodcunque</strong></span> 
     </span>
     <span class='ocr_line' id='line_1_15' title="bbox 407 1821 2653 1906; baseline 0.001 -24"><span class='ocrx_word' id='word_1_113' title='bbox 407 1821 772 1882; x_wconf 85' lang='lat' dir='ltr'><strong>Beneficium</strong></span> <span class='ocrx_word' id='word_1_114' title='bbox 799 1822 1281 1902; x_wconf 86' lang='lat' dir='ltr'><strong>ecclesiasticum,</strong></span> <span class='ocrx_word' id='word_1_115' title='bbox 1323 1823 1591 1884; x_wconf 87' lang='lat' dir='ltr'><strong>triennio</strong></span> <span class='ocrx_word' id='word_1_116' title='bbox 1616 1823 1895 1906; x_wconf 83' lang='lat' dir='ltr'><strong>proximo</strong></span> <span class='ocrx_word' id='word_1_117' title='bbox 1920 1824 2210 1886; x_wconf 85' lang='lat' dir='ltr'><strong>hactenus</strong></span> <span class='ocrx_word' id='word_1_118' title='bbox 2226 1845 2361 1906; x_wconf 72' lang='lat' dir='ltr'><strong>,pro</strong></span> <span class='ocrx_word' id='word_1_119' title='bbox 2368 1834 2653 1904; x_wconf 78' lang='lat' dir='ltr'><strong>tempore</strong></span> 
     </span>
     <span class='ocr_line' id='line_1_16' title="bbox 408 1924 2661 2013; baseline 0 -27"><span class='ocrx_word' id='word_1_120' title='bbox 408 1924 772 2006; x_wconf 72' lang='lat' dir='ltr'><strong>possederit,</strong></span> <span class='ocrx_word' id='word_1_121' title='bbox 813 1944 918 1986; x_wconf 83' lang='lat' dir='ltr'><strong>seu</strong></span> <span class='ocrx_word' id='word_1_122' title='bbox 939 1924 1288 2006; x_wconf 84' lang='lat' dir='ltr'><strong>possidebit,</strong></span> <span class='ocrx_word' id='word_1_123' title='bbox 1333 1927 1400 1984; x_wconf 87' lang='lat' dir='ltr'><strong>in</strong></span> <span class='ocrx_word' id='word_1_124' title='bbox 1424 1925 1711 2006; x_wconf 87' lang='lat' dir='ltr'><strong>petitorio</strong></span> <span class='ocrx_word' id='word_1_125' title='bbox 1739 1929 1838 1987; x_wconf 79' lang='lat' dir='ltr'><strong>vel</strong></span> <span class='ocrx_word' id='word_1_126' title='bbox 1864 1927 2224 2008; x_wconf 83' lang='lat' dir='ltr'><strong>possessorio</strong></span> <span class='ocrx_word' id='word_1_127' title='bbox 2255 1949 2290 1986; x_wconf 85' lang='lat' dir='ltr'><strong>a</strong></span> <span class='ocrx_word' id='word_1_128' title='bbox 2318 1945 2661 2013; x_wconf 82' lang='lat' dir='ltr'><strong>quoquam,</strong></span> 
     </span>
     <span class='ocr_line' id='line_1_17' title="bbox 411 2025 2649 2110; baseline 0 -22"><span class='ocrx_word' id='word_1_129' title='bbox 411 2029 592 2089; x_wconf 81' lang='lat' dir='ltr'><strong>etiam</strong></span> <span class='ocrx_word' id='word_1_130' title='bbox 633 2029 866 2088; x_wconf 88' lang='lat' dir='ltr'><strong>ratione</strong></span> <span class='ocrx_word' id='word_1_131' title='bbox 893 2025 1078 2105; x_wconf 87' lang='lat' dir='ltr'><strong>iuris,</strong></span> <span class='ocrx_word' id='word_1_132' title='bbox 1119 2027 1358 2087; x_wconf 82' lang='lat' dir='ltr'><strong>noviter</strong></span> <span class='ocrx_word' id='word_1_133' title='bbox 1389 2027 1651 2108; x_wconf 86' lang='lat' dir='ltr'><strong>reperti,</strong></span> <span class='ocrx_word' id='word_1_134' title='bbox 1682 2029 2001 2094; x_wconf 84' lang='lat' dir='ltr'><strong>molestari</strong></span> <span class='ocrx_word' id='word_1_135' title='bbox 2028 2039 2317 2108; x_wconf 85' lang='lat' dir='ltr'><strong>nequeat,</strong></span> <span class='ocrx_word' id='word_1_136' title='bbox 2360 2037 2649 2110; x_wconf 80' lang='lat' dir='ltr'><strong>praeter-</strong></span> 
     </span>
     <span class='ocr_line' id='line_1_18' title="bbox 412 2128 2661 2240; baseline 0.001 -48"><span class='ocrx_word' id='word_1_137' title='bbox 412 2151 593 2212; x_wconf 85' lang='lat' dir='ltr'><strong>quam</strong></span> <span class='ocrx_word' id='word_1_138' title='bbox 621 2139 944 2240; x_wconf 78' lang='lat' dir='ltr'><strong>praetextu</strong></span> <span class='ocrx_word' id='word_1_139' title='bbox 963 2128 1313 2190; x_wconf 85' lang='lat' dir='ltr'><strong>hostilitatis</strong></span> <span class='ocrx_word' id='word_1_140' title='bbox 1350 2140 1458 2190; x_wconf 87' lang='lat' dir='ltr'><strong>aut</strong></span> <span class='ocrx_word' id='word_1_141' title='bbox 1491 2131 1736 2192; x_wconf 78' lang='lat' dir='ltr'><strong>alterius</strong></span> <span class='ocrx_word' id='word_1_142' title='bbox 1774 2131 2023 2212; x_wconf 82' lang='lat' dir='ltr'><strong>legitimi</strong></span> <span class='ocrx_word' id='word_1_143' title='bbox 2062 2129 2511 2212; x_wconf 73' lang='lat' dir='ltr'><strong>impedimenti,</strong></span> <span class='ocrx_word' id='word_1_144' title='bbox 2564 2129 2661 2194; x_wconf 58' lang='lat' dir='ltr'><strong>de*</strong></span> 
     </span>
     <span class='ocr_line' id='line_1_19' title="bbox 409 2229 2649 2313; baseline 0 -19"><span class='ocrx_word' id='word_1_145' title='bbox 409 2253 530 2313; x_wconf 88' lang='lat' dir='ltr'><strong>qua</strong></span> <span class='ocrx_word' id='word_1_146' title='bbox 567 2232 928 2313; x_wconf 73' lang='lat' dir='ltr'><strong>protestari²</strong></span> <span class='ocrx_word' id='word_1_147' title='bbox 984 2241 1045 2291; x_wconf 87' lang='lat' dir='ltr'><strong>et</strong></span> <span class='ocrx_word' id='word_1_148' title='bbox 1085 2229 1242 2292; x_wconf 83' lang='lat' dir='ltr'><strong>illud</strong></span> <span class='ocrx_word' id='word_1_149' title='bbox 1281 2232 1452 2294; x_wconf 75' lang='lat' dir='ltr'><strong>iuxta</strong></span> <span class='ocrx_word' id='word_1_150' title='bbox 1481 2234 1817 2304; x_wconf 78' lang='lat' dir='ltr'><strong>Concilium</strong></span> <span class='ocrx_word' id='word_1_151' title='bbox 1847 2233 2185 2295; x_wconf 87' lang='lat' dir='ltr'><strong>Viennense</strong></span> <span class='ocrx_word' id='word_1_152' title='bbox 2217 2233 2487 2294; x_wconf 84' lang='lat' dir='ltr'><strong>intimari</strong></span> <span class='ocrx_word' id='word_1_153' title='bbox 2518 2233 2649 2300; x_wconf 72' lang='lat' dir='ltr'><strong>de-</strong></span> 
     </span>
     <span class='ocr_line' id='line_1_20' title="bbox 405 2331 2649 2434; baseline 0.001 -37"><span class='ocrx_word' id='word_1_154' title='bbox 405 2336 580 2412; x_wconf 84' lang='lat' dir='ltr'><strong>beat,</strong></span> <span class='ocrx_word' id='word_1_155' title='bbox 623 2336 701 2396; x_wconf 90' lang='lat' dir='ltr'><strong>lis</strong></span> <span class='ocrx_word' id='word_1_156' title='bbox 729 2344 928 2434; x_wconf 80' lang='lat' dir='ltr'><strong>autem</strong></span> <span class='ocrx_word' id='word_1_157' title='bbox 953 2331 1075 2394; x_wconf 85' lang='lat' dir='ltr'><strong>hoc</strong></span> <span class='ocrx_word' id='word_1_158' title='bbox 1107 2354 1252 2394; x_wconf 87' lang='lat' dir='ltr'><strong>casu</strong></span> <span class='ocrx_word' id='word_1_159' title='bbox 1281 2333 1489 2415; x_wconf 86' lang='lat' dir='ltr'><strong>quoad</strong></span> <span class='ocrx_word' id='word_1_160' title='bbox 1520 2335 1753 2398; x_wconf 79' lang='lat' dir='ltr'><strong>suturas</strong></span> <span class='ocrx_word' id='word_1_161' title='bbox 1787 2337 2225 2398; x_wconf 84' lang='lat' dir='ltr'><strong>controversias</strong></span> <span class='ocrx_word' id='word_1_162' title='bbox 2250 2336 2649 2416; x_wconf 78' lang='lat' dir='ltr'><strong>intelligatur,</strong></span> 
     </span>
     <span class='ocr_line' id='line_1_21' title="bbox 407 2435 2649 2518; baseline 0 -19"><span class='ocrx_word' id='word_1_163' title='bbox 407 2439 464 2499; x_wconf 86' lang='lat' dir='ltr'><strong>si</strong></span> <span class='ocrx_word' id='word_1_164' title='bbox 495 2439 572 2500; x_wconf 82' lang='lat' dir='ltr'><strong>ad</strong></span> <span class='ocrx_word' id='word_1_165' title='bbox 602 2439 1016 2499; x_wconf 84' lang='lat' dir='ltr'><strong>executionem</strong></span> <span class='ocrx_word' id='word_1_166' title='bbox 1043 2437 1346 2500; x_wconf 82' lang='lat' dir='ltr'><strong>citationis</strong></span> <span class='ocrx_word' id='word_1_167' title='bbox 1371 2435 1639 2518; x_wconf 87' lang='lat' dir='ltr'><strong>iurisque</strong></span> <span class='ocrx_word' id='word_1_168' title='bbox 1668 2438 1761 2499; x_wconf 85' lang='lat' dir='ltr'><strong>sui</strong></span> <span class='ocrx_word' id='word_1_169' title='bbox 1788 2435 1855 2497; x_wconf 86' lang='lat' dir='ltr'><strong>in</strong></span> <span class='ocrx_word' id='word_1_170' title='bbox 1874 2437 2134 2516; x_wconf 88' lang='lat' dir='ltr'><strong>iudicio,</strong></span> <span class='ocrx_word' id='word_1_171' title='bbox 2178 2438 2279 2499; x_wconf 85' lang='lat' dir='ltr'><strong>vel</strong></span> <span class='ocrx_word' id='word_1_172' title='bbox 2306 2437 2649 2501; x_wconf 78' lang='lat' dir='ltr'><strong>exhibitio-</strong></span> 
     </span>
     <span class='ocr_line' id='line_1_22' title="bbox 407 2538 2643 2633; baseline 0.001 -33"><span class='ocrx_word' id='word_1_173' title='bbox 407 2561 578 2618; x_wconf 88' lang='lat' dir='ltr'><strong>nem,</strong></span> <span class='ocrx_word' id='word_1_174' title='bbox 623 2550 725 2601; x_wconf 87' lang='lat' dir='ltr'><strong>aut</strong></span> <span class='ocrx_word' id='word_1_175' title='bbox 747 2542 1148 2601; x_wconf 79' lang='lat' dir='ltr'><strong>terminorum</strong></span> <span class='ocrx_word' id='word_1_176' title='bbox 1177 2540 1442 2601; x_wconf 87' lang='lat' dir='ltr'><strong>omnium</strong></span> <span class='ocrx_word' id='word_1_177' title='bbox 1481 2540 1991 2627; x_wconf 74' lang='lat' dir='ltr'><strong>observationem,</strong></span> <span class='ocrx_word' id='word_1_178' title='bbox 2050 2538 2397 2633; x_wconf 78' lang='lat' dir='ltr'><strong>processum</strong></span> <span class='ocrx_word' id='word_1_179' title='bbox 2436 2540 2643 2603; x_wconf 80' lang='lat' dir='ltr'><strong>fuerit·</strong></span> 
     </span>
     <span class='ocr_line' id='line_1_23' title="bbox 407 2642 2647 2724; baseline -0.002 -17"><span class='ocrx_word' id='word_1_180' title='bbox 407 2644 722 2709; x_wconf 84' lang='lat' dir='ltr'><strong>Monemus</strong></span> <span class='ocrx_word' id='word_1_181' title='bbox 747 2643 926 2705; x_wconf 82' lang='lat' dir='ltr'><strong>etiam</strong></span> <span class='ocrx_word' id='word_1_182' title='bbox 955 2643 1341 2721; x_wconf 79' lang='lat' dir='ltr'><strong>ordinarios,</strong></span> <span class='ocrx_word' id='word_1_183' title='bbox 1385 2644 1805 2723; x_wconf 65' lang='lat' dir='ltr'><strong>utdiligenter</strong></span> <span class='ocrx_word' id='word_1_184' title='bbox 1827 2642 2167 2722; x_wconf 84' lang='lat' dir='ltr'><strong>inquirant,</strong></span> <span class='ocrx_word' id='word_1_185' title='bbox 2221 2662 2299 2703; x_wconf 86' lang='lat' dir='ltr'><strong>ne</strong></span> <span class='ocrx_word' id='word_1_186' title='bbox 2339 2643 2473 2724; x_wconf 88' lang='lat' dir='ltr'><strong>quis</strong></span> <span class='ocrx_word' id='word_1_187' title='bbox 2512 2642 2647 2703; x_wconf 79' lang='lat' dir='ltr'><strong>sine</strong></span> 
     </span>
     <span class='ocr_line' id='line_1_24' title="bbox 352 2742 2649 2828; baseline 0.002 -25"><span class='ocrx_word' id='word_1_188' title='bbox 352 2753 363 2767; x_wconf 90' lang='lat'><em>&#39;</em></span> <span class='ocrx_word' id='word_1_189' title='bbox 409 2744 592 2803; x_wconf 82' lang='lat' dir='ltr'><strong>titulo</strong></span> <span class='ocrx_word' id='word_1_190' title='bbox 610 2742 976 2805; x_wconf 83' lang='lat' dir='ltr'><strong>Beneficium</strong></span> <span class='ocrx_word' id='word_1_191' title='bbox 1003 2742 1324 2825; x_wconf 83' lang='lat' dir='ltr'><strong>possideat,</strong></span> <span class='ocrx_word' id='word_1_192' title='bbox 1369 2754 1430 2805; x_wconf 80' lang='lat' dir='ltr'><strong>at</strong></span> <span class='ocrx_word' id='word_1_193' title='bbox 1455 2745 1509 2803; x_wconf 89' lang='lat' dir='ltr'><strong>si</strong></span> <span class='ocrx_word' id='word_1_194' title='bbox 1542 2766 1719 2825; x_wconf 86' lang='lat' dir='ltr'><strong>quem</strong></span> <span class='ocrx_word' id='word_1_195' title='bbox 1746 2744 2109 2807; x_wconf 88' lang='lat' dir='ltr'><strong>Beneficium</strong></span> <span class='ocrx_word' id='word_1_196' title='bbox 2126 2746 2265 2817; x_wconf 71' lang='lat' dir='ltr'><strong>⁸sine</strong></span> <span class='ocrx_word' id='word_1_197' title='bbox 2286 2746 2467 2806; x_wconf 88' lang='lat' dir='ltr'><strong>titulo</strong></span> <span class='ocrx_word' id='word_1_198' title='bbox 2491 2767 2649 2828; x_wconf 74' lang='lat' dir='ltr'><strong>pos-,-</strong></span> 
     </span>
     <span class='ocr_line' id='line_1_25' title="bbox 411 2834 2649 2929; baseline 0.001 -23"><span class='ocrx_word' id='word_1_199' title='bbox 411 2838 606 2907; x_wconf 86' lang='lat' dir='ltr'><strong>side&#39;re</strong></span> <span class='ocrx_word' id='word_1_200' title='bbox 631 2844 1000 2925; x_wconf 84' lang='lat' dir='ltr'><strong>repererint,</strong></span> <span class='ocrx_word' id='word_1_201' title='bbox 1045 2842 1354 2905; x_wconf 73' lang='lat' dir='ltr'><strong>declarent</strong></span> <span class='ocrx_word' id='word_1_202' title='bbox 1379 2846 1597 2905; x_wconf 70' lang='lat' dir='ltr'><strong>ins-ius</strong></span> <span class='ocrx_word' id='word_1_203' title='bbox 1628 2868 1753 2907; x_wconf 90' lang='lat' dir='ltr'><strong>non</strong></span> <span class='ocrx_word' id='word_1_204' title='bbox 1780 2834 2140 2929; x_wconf 81' lang='lat' dir='ltr'><strong>competere,</strong></span> <span class='ocrx_word' id='word_1_205' title='bbox 2186 2848 2447 2911; x_wconf 82' lang='lat' dir='ltr'><strong>cuiusvis</strong></span> <span class='ocrx_word' id='word_1_206' title='bbox 2482 2858 2649 2909; x_wconf 87' lang='lat' dir='ltr'><strong>tem-</strong></span> 
     </span>
    </p>
   </div>
   <div class='ocr_carea' id='block_1_5' title="bbox 262 2936 2649 3033">
    <p class='ocr_par' dir='ltr' id='par_1_7' title="bbox 262 2936 2649 3033">
     <span class='ocr_line' id='line_1_26' title="bbox 262 2936 2649 3033; baseline 0.003 -26"><span class='ocrx_word' id='word_1_207' title='bbox 262 2960 302 2983; x_wconf 84' lang='grc'><strong>-“</strong></span> <span class='ocrx_word' id='word_1_208' title='bbox 379 2936 578 3029; x_wconf 38' lang='lat' dir='ltr'><strong>*poris</strong></span> <span class='ocrx_word' id='word_1_209' title='bbox 631 2946 975 3007; x_wconf 87' lang='lat' dir='ltr'><strong>detentione</strong></span> <span class='ocrx_word' id='word_1_210' title='bbox 1019 2967 1146 3006; x_wconf 87' lang='lat' dir='ltr'><strong>non</strong></span> <span class='ocrx_word' id='word_1_211' title='bbox 1189 2947 1491 3027; x_wconf 81' lang='lat' dir='ltr'><strong>obstante,</strong></span> <span class='ocrx_word' id='word_1_212' title='bbox 1554 2950 1635 3027; x_wconf 83' lang='lat' dir='ltr'><strong>da</strong></span> <span class='ocrx_word' id='word_1_213' title='bbox 1665 2950 1915 3031; x_wconf 87' lang='lat' dir='ltr'><strong>ipsoque</strong></span> <span class='ocrx_word' id='word_1_214' title='bbox 1960 2938 2262 3011; x_wconf 78' lang='lat' dir='ltr'><strong>Beneficio</strong></span> <span class='ocrx_word' id='word_1_215' title='bbox 2301 2952 2493 3033; x_wconf 88' lang='lat' dir='ltr'><strong>possit</strong></span> <span class='ocrx_word' id='word_1_216' title='bbox 2528 2950 2649 3029; x_wconf 85' lang='lat' dir='ltr'><strong>illi,</strong></span> 
     </span>
    </p>
   </div>
   <div class='ocr_carea' id='block_1_6' title="bbox 325 3036 2650 4391">
    <p class='ocr_par' dir='ltr' id='par_1_8' title="bbox 413 3036 2649 3233">
     <span class='ocr_line' id='line_1_27' title="bbox 413 3036 2649 3135; baseline 0.003 -25"><span class='ocrx_word' id='word_1_217' title='bbox 413 3048 736 3110; x_wconf 86' lang='lat' dir='ltr'><strong>dummodo</strong></span> <span class='ocrx_word' id='word_1_218' title='bbox 764 3070 890 3109; x_wconf 88' lang='lat' dir='ltr'><strong>non</strong></span> <span class='ocrx_word' id='word_1_219' title='bbox 923 3048 1000 3109; x_wconf 90' lang='lat' dir='ltr'><strong>sit</strong></span> <span class='ocrx_word' id='word_1_220' title='bbox 1030 3050 1328 3126; x_wconf 84' lang='lat' dir='ltr'><strong>intrusus,</strong></span> <span class='ocrx_word' id='word_1_221' title='bbox 1371 3036 1473 3131; x_wconf 68' lang='lat' dir='ltr'><strong>yel</strong></span> <span class='ocrx_word' id='word_1_222' title='bbox 1496 3051 1821 3127; x_wconf 76' lang='lat' dir='ltr'><strong>violentus,</strong></span> <span class='ocrx_word' id='word_1_223' title='bbox 1863 3063 1972 3113; x_wconf 88' lang='lat' dir='ltr'><strong>aut</strong></span> <span class='ocrx_word' id='word_1_224' title='bbox 2006 3054 2149 3115; x_wconf 82' lang='lat' dir='ltr'><strong>alias</strong></span> <span class='ocrx_word' id='word_1_225' title='bbox 2184 3052 2499 3135; x_wconf 85' lang='lat' dir='ltr'><strong>indignus,</strong></span> <span class='ocrx_word' id='word_1_226' title='bbox 2537 3056 2649 3117; x_wconf 75' lang='lat' dir='ltr'><strong>vel</strong></span> 
     </span>
     <span class='ocr_line' id='line_1_28' title="bbox 414 3150 1180 3233; baseline 0.004 -23"><span class='ocrx_word' id='word_1_227' title='bbox 414 3150 586 3210; x_wconf 87' lang='lat' dir='ltr'><strong>alteri</strong></span> <span class='ocrx_word' id='word_1_228' title='bbox 609 3150 826 3211; x_wconf 86' lang='lat' dir='ltr'><strong>idoneo</strong></span> <span class='ocrx_word' id='word_1_229' title='bbox 851 3152 1180 3233; x_wconf 82' lang='lat' dir='ltr'><strong>provideri.</strong></span> 
     </span>
    </p>

    <p class='ocr_par' dir='ltr' id='par_1_9' title="bbox 349 3222 2650 4167">
     <span class='ocr_line' id='line_1_29' title="bbox 539 3222 2650 3345; baseline 0.007 -36.312"><span class='ocrx_word' id='word_1_230' title='bbox 539 3246 650 3333; x_wconf 63' lang='lat' dir='ltr'><strong>§J</strong></span> <span class='ocrx_word' id='word_1_231' title='bbox 693 3258 794 3319; x_wconf 85' lang='lat'><strong>10.</strong></span> <span class='ocrx_word' id='word_1_232' title='bbox 883 3254 978 3313; x_wconf 88' lang='lat' dir='ltr'><strong>De</strong></span> <span class='ocrx_word' id='word_1_233' title='bbox 1019 3252 1378 3335; x_wconf 84' lang='lat' dir='ltr'><strong>publicis</strong></span> <span class='ocrx_word' id='word_1_234' title='bbox 1423 3256 2041 3325; x_wconf 83' lang='lat' dir='ltr'><strong>concubinariis.</strong></span> <span class='ocrx_word' id='word_1_235' title='bbox 2126 3258 2255 3319; x_wconf 89' lang='lat' dir='ltr'><strong>Et</strong></span> <span class='ocrx_word' id='word_1_236' title='bbox 2224 3278 2484 3345; x_wconf 77' lang='lat' dir='ltr'><strong>insuper</strong></span> <span class='ocrx_word' id='word_1_237' title='bbox 2510 3222 2650 3323; x_wconf 72' lang='lat' dir='ltr'><strong>sta-</strong></span> 
     </span>
     <span class='ocr_line' id='line_1_30' title="bbox 411 3355 2639 3445; baseline 0.004 -28"><span class='ocrx_word' id='word_1_238' title='bbox 411 3356 674 3443; x_wconf 84' lang='lat' dir='ltr'><strong>tuimus,</strong></span> <span class='ocrx_word' id='word_1_239' title='bbox 718 3358 878 3437; x_wconf 89' lang='lat' dir='ltr'><strong>quod</strong></span> <span class='ocrx_word' id='word_1_240' title='bbox 904 3355 1243 3437; x_wconf 86' lang='lat' dir='ltr'><strong>quicunque</strong></span> <span class='ocrx_word' id='word_1_241' title='bbox 1269 3356 1534 3417; x_wconf 86' lang='lat' dir='ltr'><strong>Clericus</strong></span> <span class='ocrx_word' id='word_1_242' title='bbox 1564 3359 1973 3441; x_wconf 87' lang='lat' dir='ltr'><strong>cuiuscunque</strong></span> <span class='ocrx_word' id='word_1_243' title='bbox 1990 3362 2383 3443; x_wconf 87' lang='lat' dir='ltr'><strong>conditionis,</strong></span> <span class='ocrx_word' id='word_1_244' title='bbox 2428 3374 2639 3445; x_wconf 83' lang='lat' dir='ltr'><strong>status,</strong></span> 
     </span>
     <span class='ocr_line' id='line_1_31' title="bbox 411 3456 2641 3552; baseline 0.004 -31"><span class='ocrx_word' id='word_1_245' title='bbox 411 3459 753 3539; x_wconf 84' lang='lat' dir='ltr'><strong>religionis,</strong></span> <span class='ocrx_word' id='word_1_246' title='bbox 797 3458 1137 3552; x_wconf 47' lang='lat' dir='ltr'><strong>Dignitatiffi</strong></span> <span class='ocrx_word' id='word_1_247' title='bbox 1179 3456 1409 3519; x_wconf 83' lang='lat' dir='ltr'><strong>etiamsi</strong></span> <span class='ocrx_word' id='word_1_248' title='bbox 1430 3461 1792 3541; x_wconf 81' lang='lat' dir='ltr'><strong>pontificalis</strong></span> <span class='ocrx_word' id='word_1_249' title='bbox 1830 3466 1927 3525; x_wconf 81' lang='lat' dir='ltr'><strong>vel</strong></span> <span class='ocrx_word' id='word_1_250' title='bbox 1962 3465 2205 3527; x_wconf 89' lang='lat' dir='ltr'><strong>alterius</strong></span> <span class='ocrx_word' id='word_1_251' title='bbox 2230 3469 2641 3548; x_wconf 82' lang='lat' dir='ltr'><strong>praeeminen-</strong></span> 
     </span>
     <span class='ocr_line' id='line_1_32' title="bbox 410 3559 2641 3651; baseline 0.005 -28"><span class='ocrx_word' id='word_1_252' title='bbox 410 3564 531 3623; x_wconf 87' lang='lat' dir='ltr'><strong>tiae</strong></span> <span class='ocrx_word' id='word_1_253' title='bbox 557 3559 770 3639; x_wconf 78' lang='lat' dir='ltr'><strong>fuerit,</strong></span> <span class='ocrx_word' id='word_1_254' title='bbox 829 3563 934 3643; x_wconf 91' lang='lat' dir='ltr'><strong>qui</strong></span> <span class='ocrx_word' id='word_1_255' title='bbox 960 3563 1362 3643; x_wconf 86' lang='lat' dir='ltr'><strong>praesentium</strong></span> <span class='ocrx_word' id='word_1_256' title='bbox 1396 3564 1704 3641; x_wconf 67' lang='lat' dir='ltr'><strong>notitiem,</strong></span> <span class='ocrx_word' id='word_1_257' title='bbox 1764 3587 1942 3647; x_wconf 84' lang='lat' dir='ltr'><strong>quam</strong></span> <span class='ocrx_word' id='word_1_258' title='bbox 1982 3566 2199 3629; x_wconf 85' lang='lat' dir='ltr'><strong>habere</strong></span> <span class='ocrx_word' id='word_1_259' title='bbox 2230 3580 2641 3651; x_wconf 85' lang='lat' dir='ltr'><strong>praesumatur</strong></span> 
     </span>
     <span class='ocr_line' id='line_1_33' title="bbox 409 3662 2643 3751; baseline 0.004 -28"><span class='ocrx_word' id='word_1_260' title='bbox 409 3674 551 3745; x_wconf 87' lang='lat' dir='ltr'><strong>post</strong></span> <span class='ocrx_word' id='word_1_261' title='bbox 595 3664 656 3727; x_wconf 84' lang='lat'><strong>11</strong></span> <span class='ocrx_word' id='word_1_262' title='bbox 684 3672 963 3743; x_wconf 60' lang='lat' dir='ltr'><strong>menses,</strong></span> <span class='ocrx_word' id='word_1_263' title='bbox 1021 3676 1163 3746; x_wconf 88' lang='lat' dir='ltr'><strong>post</strong></span> <span class='ocrx_word' id='word_1_264' title='bbox 1215 3665 1535 3751; x_wconf 78' lang='lat' dir='ltr'><strong>earundem</strong></span> <span class='ocrx_word' id='word_1_265' title='bbox 1576 3666 1977 3746; x_wconf 79' lang='lat' dir='ltr'><strong>praesentium</strong></span> <span class='ocrx_word' id='word_1_266' title='bbox 2015 3662 2519 3751; x_wconf 80' lang='lat' dir='ltr'><strong>publicationem,</strong></span> <span class='ocrx_word' id='word_1_267' title='bbox 2560 3672 2643 3737; x_wconf 81' lang='lat' dir='ltr'><strong>iu</strong></span> 
     </span>
     <span class='ocr_line' id='line_1_34' title="bbox 349 3760 2643 3853; baseline 0.003 -26"><span class='ocrx_word' id='word_1_268' title='bbox 349 3807 358 3813; x_wconf 93' lang='lat'>-</span> <span class='ocrx_word' id='word_1_269' title='bbox 411 3760 698 3827; x_wconf 85' lang='lat' dir='ltr'><strong>Ecclesiis</strong></span> <span class='ocrx_word' id='word_1_270' title='bbox 735 3766 1176 3829; x_wconf 79' lang='lat' dir='ltr'><strong>cathedralibus</strong></span> <span class='ocrx_word' id='word_1_271' title='bbox 1207 3770 1475 3853; x_wconf 82' lang='lat' dir='ltr'><strong>factam,</strong></span> <span class='ocrx_word' id='word_1_272' title='bbox 1516 3791 1691 3849; x_wconf 84' lang='lat' dir='ltr'><strong>quam</strong></span> <span class='ocrx_word' id='word_1_273' title='bbox 1726 3771 1845 3853; x_wconf 87' lang='lat' dir='ltr'><strong>ipsi</strong></span> <span class='ocrx_word' id='word_1_274' title='bbox 1884 3774 2227 3834; x_wconf 84' lang='lat' dir='ltr'><strong>Dioecesaui</strong></span> <span class='ocrx_word' id='word_1_275' title='bbox 2259 3776 2503 3837; x_wconf 86' lang='lat' dir='ltr'><strong>omnino</strong></span> <span class='ocrx_word' id='word_1_276' title='bbox 2546 3777 2643 3836; x_wconf 80' lang='lat' dir='ltr'><strong>fa-</strong></span> 
     </span>
     <span class='ocr_line' id='line_1_35' title="bbox 415 3868 2641 3959; baseline 0.005 -32"><span class='ocrx_word' id='word_1_277' title='bbox 415 3888 549 3929; x_wconf 87' lang='lat' dir='ltr'><strong>cere</strong></span> <span class='ocrx_word' id='word_1_278' title='bbox 579 3879 930 3949; x_wconf 85' lang='lat' dir='ltr'><strong>teneantur,</strong></span> <span class='ocrx_word' id='word_1_279' title='bbox 973 3874 1292 3951; x_wconf 75' lang='lat' dir='ltr'><strong>postquam</strong></span> <span class='ocrx_word' id='word_1_280' title='bbox 1321 3868 1661 3952; x_wconf 81' lang='lat' dir='ltr'><strong>praesentes</strong></span> <span class='ocrx_word' id='word_1_281' title='bbox 1701 3875 1781 3935; x_wconf 81' lang='lat' dir='ltr'><strong>ad</strong></span> <span class='ocrx_word' id='word_1_282' title='bbox 1806 3895 2015 3935; x_wconf 84' lang='lat' dir='ltr'><strong>eorum</strong></span> <span class='ocrx_word' id='word_1_283' title='bbox 2043 3875 2318 3937; x_wconf 86' lang='lat' dir='ltr'><strong>notitiam</strong></span> <span class='ocrx_word' id='word_1_284' title='bbox 2340 3898 2641 3959; x_wconf 79' lang='lat' dir='ltr'><strong>pervene-</strong></span> 
     </span>
     <span class='ocr_line' id='line_1_36' title="bbox 410 3967 2641 4059; baseline 0.006 -31"><span class='ocrx_word' id='word_1_285' title='bbox 410 3967 574 4047; x_wconf 87' lang='lat' dir='ltr'><strong>rint,</strong></span> <span class='ocrx_word' id='word_1_286' title='bbox 650 3973 836 4033; x_wconf 84' lang='lat' dir='ltr'><strong>fuerit</strong></span> <span class='ocrx_word' id='word_1_287' title='bbox 900 3972 1180 4053; x_wconf 86' lang='lat' dir='ltr'><strong>publicus</strong></span> <span class='ocrx_word' id='word_1_288' title='bbox 1231 3972 1695 4035; x_wconf 86' lang='lat' dir='ltr'><strong>concubinarius</strong></span> <span class='ocrx_word' id='word_1_289' title='bbox 1720 4018 1742 4053; x_wconf 89' lang='lat'>‚</span> <span class='ocrx_word' id='word_1_290' title='bbox 1808 3998 1843 4057; x_wconf 76' lang='lat' dir='ltr'><strong>a</strong></span> <span class='ocrx_word' id='word_1_291' title='bbox 1904 3980 2292 4059; x_wconf 74' lang='lat' dir='ltr'><strong>perceptione</strong></span> <span class='ocrx_word' id='word_1_292' title='bbox 2336 3981 2641 4041; x_wconf 87' lang='lat' dir='ltr'><strong>fructuum</strong></span> 
     </span>
     <span class='ocr_line' id='line_1_37' title="bbox 413 4072 2643 4177; baseline 0.007 -47"><span class='ocrx_word' id='word_1_293' title='bbox 413 4072 684 4133; x_wconf 85' lang='lat' dir='ltr'><strong>omnium</strong></span> <span class='ocrx_word' id='word_1_294' title='bbox 719 4074 1158 4135; x_wconf 86' lang='lat' dir='ltr'><strong>Beneficiorum</strong></span> <span class='ocrx_word' id='word_1_295' title='bbox 1203 4094 1446 4135; x_wconf 77' lang='lat' dir='ltr'><strong>suorum</strong></span> <span class='ocrx_word' id='word_1_296' title='bbox 1485 4074 1572 4135; x_wconf 85' lang='lat'><strong>111</strong></span> <span class='ocrx_word' id='word_1_297' title='bbox 1610 4078 1905 4139; x_wconf 87' lang='lat' dir='ltr'><strong>mensium</strong></span> <span class='ocrx_word' id='word_1_298' title='bbox 1946 4080 2175 4177; x_wconf 89' lang='lat' dir='ltr'><strong>spatio</strong></span> <span class='ocrx_word' id='word_1_299' title='bbox 2184 4083 2265 4143; x_wconf 89' lang='lat' dir='ltr'><strong>sit</strong></span> <span class='ocrx_word' id='word_1_300' title='bbox 2300 4083 2437 4167; x_wconf 88' lang='lat' dir='ltr'><strong>ipso</strong></span> <span class='ocrx_word' id='word_1_301' title='bbox 2479 4083 2643 4145; x_wconf 80' lang='lat' dir='ltr'><strong>facto</strong></span> 
     </span>
    </p>

    <p class='ocr_par' dir='ltr' id='par_1_10' title="bbox 325 4152 2645 4379">
     <span class='ocr_line' id='line_1_38' title="bbox 370 4152 2643 4259; baseline 0.006 -26"><span class='ocrx_word' id='word_1_302' title='bbox 370 4196 394 4211; x_wconf 87' lang='lat'><strong>··</strong></span> <span class='ocrx_word' id='word_1_303' title='bbox 407 4192 768 4252; x_wconf 84' lang='lat' dir='ltr'><strong>suspensus,</strong></span> <span class='ocrx_word' id='word_1_304' title='bbox 823 4152 988 4256; x_wconf 85' lang='lat' dir='ltr'><strong>quod</strong></span> <span class='ocrx_word' id='word_1_305' title='bbox 1027 4196 1170 4238; x_wconf 88' lang='lat' dir='ltr'><strong>suus</strong></span> <span class='ocrx_word' id='word_1_306' title='bbox 1199 4174 1541 4259; x_wconf 84' lang='lat' dir='ltr'><strong>Superior</strong></span> <span class='ocrx_word' id='word_1_307' title='bbox 1521 4196 1589 4235; x_wconf 86' lang='lat' dir='ltr'><strong>m</strong></span> <span class='ocrx_word' id='word_1_308' title='bbox 1624 4178 1913 4243; x_wconf 83' lang='lat' dir='ltr'><strong>fabricam</strong></span> <span class='ocrx_word' id='word_1_309' title='bbox 1947 4184 2048 4245; x_wconf 80' lang='lat' dir='ltr'><strong>vel</strong></span> <span class='ocrx_word' id='word_1_310' title='bbox 2077 4186 2255 4247; x_wconf 83' lang='lat' dir='ltr'><strong>aliam</strong></span> <span class='ocrx_word' id='word_1_311' title='bbox 2297 4186 2643 4249; x_wconf 80' lang='lat' dir='ltr'><strong>evidentem</strong></span> 
     </span>
     <span class='ocr_line' id='line_1_39' title="bbox 325 4262 2645 4391; baseline 0.001 -52"><span class='ocrx_word' id='word_1_312' title='bbox 325 4360 335 4379; x_wconf 73' lang='lat'><em>‚</em></span> <span class='ocrx_word' id='word_1_313' title='bbox 409 4274 816 4391; x_wconf 77' lang='lat' dir='ltr'><strong>Ecclesiarum</strong></span> <span class='ocrx_word' id='word_1_314' title='bbox 850 4277 1206 4356; x_wconf 85' lang='lat' dir='ltr'><strong>utilitatem,</strong></span> <span class='ocrx_word' id='word_1_315' title='bbox 1265 4298 1342 4339; x_wconf 83' lang='lat' dir='ltr'><strong>ex</strong></span> <span class='ocrx_word' id='word_1_316' title='bbox 1369 4262 1645 4361; x_wconf 75' lang='lat' dir='ltr'><strong>quibus</strong></span> <span class='ocrx_word' id='word_1_317' title='bbox 1624 4270 1669 4341; x_wconf 75' lang='lat' dir='ltr'><strong>ii</strong></span> <span class='ocrx_word' id='word_1_318' title='bbox 1705 4284 1944 4350; x_wconf 78' lang='lat' dir='ltr'><strong>fructus</strong></span> <span class='ocrx_word' id='word_1_319' title='bbox 1974 4288 2424 4373; x_wconf 85' lang='lat' dir='ltr'><strong>percipiuntur,</strong></span> <span class='ocrx_word' id='word_1_320' title='bbox 2478 4310 2645 4353; x_wconf 77' lang='lat' dir='ltr'><strong>con..</strong></span> 
     </span>
    </p>
   </div>
   <div class='ocr_carea' id='block_1_7' title="bbox 1604 4480 1635 4495">
    <p class='ocr_par' dir='ltr' id='par_1_11' title="bbox 1604 4480 1635 4495">
     <span class='ocr_line' id='line_1_40' title="bbox 1604 4480 1635 4495; baseline 0 0"><span class='ocrx_word' id='word_1_321' title='bbox 1604 4480 1635 4495; x_wconf 41' lang='grc' dir='ltr'><strong>Μ</strong></span> 
     </span>
    </p>
   </div>
  </div>
 </body>
</html>
