2930 4963
412 375 550 442 21st

581 537 728 620 cap.
755 533 922 599 XXI.
965 533 1218 610 Clas-ici,
1259 532 1366 614 qui
1389 531 1795 596 Ecclesiamm
1816 543 1883 597 et
1902 533 2097 596 dmni
2122 533 2327 596 cultus
2364 533 2667 614 oboequiis

413 641 782 725 deputantur
797 683 816 716 ,
855 657 984 704 rem
1019 653 1258 698 omnem
1288 635 1563 698 divinam
1600 645 1665 698 et
1704 637 1817 699 Dei
1853 637 2063 700 laudes
2098 645 2336 716 sancte,
2378 637 2675 698 distincta

415 755 478 810 st
501 743 766 826 graviter
793 737 1156 803 celebranto·

583 855 644 915 2.
687 845 784 906 Ad
811 841 946 904 lesu
973 861 1192 902 nomen
1227 850 1412 920 caput
1444 849 1791 905 reverenter
1818 841 2203 905 demittunto.

585 955 644 1016 3.
695 947 964 1009 Decsnos
1001 954 1064 1004 et
1093 943 1360 1022 reliquos
1399 961 1511 1023 per
1536 944 1833 1004 Ecclesiae
1856 945 2195 1006 Praefectos
2228 941 2413 1004 huius
2448 939 2671 1002 statuti

397 1045 924 1144 praevaricatores
951 1047 1254 1126 castigato.

583 1153 726 1232 Cap.
754 1139 942 1210 xx'u.
989 1145 1529 1222 Consuetudinem,
1573 1167 1691 1226 qua
1728 1147 2045 1209 inductum
2082 1153 2205 1226 est,
2246 1167 2415 1220 eum,
2449 1144 2559 1230 qni
2594 1144 2671 1204 in

417 1254 620 1333 aliqua
645 1253 938 1312 Horarum
963 1253 1161 1314 Choro
1193 1249 1464 1324 affuerit,
1498 1249 1763 1310 omnium
1784 1249 2275 1312 distributionum
2300 1249 2669 1332 participem

303 1423 310 1430 ‚
415 1365 570 1433 esse,
613 1354 846 1414 tollito·
889 1355 1068 1436 idque
1099 1355 1174 1414 sd
1207 1355 1473 1413 Decsnos
1504 1359 1563 1410 et
1596 1352 2009 1434 Praepositae,
2052 1354 2157 1434 qui
2196 1372 2445 1414 suarum
2481 1369 2667 1431 prae-

413 1465 592 1520 textu
623 1455 902 1534 dignitati
931 1457 1020 1518 rei
1045 1445 1284 1517 divinae
1308 1473 1432 1544 non
1457 1462 1698 1530 assunt,
1740 1455 2074 1517 extendite.
2674 1496 2679 1504 -

585 1558 982 1638 Cap.XX111.
1027 1561 1192 1634 Quos
1233 1555 1511 1632 novet-ia,
1556 1499 1701 1616 duni
1736 1577 1835 1618 res
1866 1559 2077 1618 divina
2120 1557 2352 1637 agitur,
2396 1574 2509 1636 per
2538 1555 2664 1614 Ec-

305 1657 320 1680 *
417 1660 658 1722 clesiam
683 1671 790 1720 aut
813 1661 988 1758 iuxta
1019 1662 1188 1722 illam
1216 1659 1525 1721 ambulare
1548 1669 1653 1718 aut
1680 1659 2085 1739 confabulari,
2126 1659 2317 1722 totius
2342 1657 2495 1736 diei,
2540 1677 2665 1738 quo
2748 1705 2753 1712 .

290 1765 298 1772 “
413 1763 538 1824 hoc
565 1763 852 1838 fecerint,
891 1763 1414 1824 distributionibus
1443 1761 1701 1842 privato.

585 1869 646 1932 2.
695 1865 920 1926 Iterum
958 1885 1104 1928 vero
1139 1866 1208 1925 in
1247 1863 1420 1924 hoc·
1401 1884 1536 1944 ipso
1570 1863 2022 1944 delinquentes,
2064 1863 2249 1924 unius
2286 1861 2509 1924 mensis
2546 1859 2666 1922 sti-

413 1967 651 2051 pendiis
679 1967 989 2029 mulctato.
1339 1999 1346 2015 ν

581 2070 728 2150 Cap.
781 2071 1006 2132 XXIV.
1075 2070 1366 2131 Tabulam
1386 2115 1406 2143 ‚
1477 2067 1585 2130 ubi
1650 2068 2037 2148 designentur
2086 2069 2171 2144 ii,
2242 2067 2347 2148 qui
2396 2064 2663 2128 definitis

413 2170 894 2234 hebdomadibus
917 2171 1114 2232 officia
1144 2171 1390 2251 exsequi
1417 2170 1721 2232 debebunt
1734 2217 1755 2251 ,
1794 2172 1865 2232 in
1896 2169 2097 2234 Chore
2122 2171 2469 2253 appendite.
2535 2170 2665 2232 Ne·

414 2275 664 2359 gligenti
685 2276 872 2335 totius
895 2273 1012 2334 diei
1037 2274 1252 2354 stipem
1279 2273 1589 2353 denegato.

589 2378 735 2459 Cap.
775 2378 968 2441 XXV.
1023 2377 1196 2438 Fidei
1227 2377 1568 2458 symbolum
1608 2397 1739 2439 non
1776 2385 2059 2438 truncato
2074 2419 2093 2454 ,
2144 2375 2251 2438 sed
2288 2375 2369 2436 ad
2411 2375 2664 2440 verbum

417 2479 694 2543 absolute
721 2479 1062 2541 decantato.

587 2585 664 2644 Ca
669 2604 730 2663 p.
743 2582 963 2643 XXVI.
995 2582 1318 2643 Camoenas
1330 2584 1497 2663 vulgi
1514 2583 1581 2643 in
1592 2583 1857 2643 Ecclesia
1870 2602 2083 2643 canere
2098 2582 2309 2653 Laicos
2324 2578 2661 2661 prohibeto.

547 2692 556 2709 ¹
589 2687 738 2765 Cap.
769 2668 1017 2745 XXVII.
1063 2686 1210 2744 Rem
1247 2682 1547 2763 divinam,
1590 2706 1771 2766 quam
1805 2685 2045 2745 Missam
2086 2682 2495 2765 appellamus,
2528 2682 2667 2749 ‚sine

417 2786 698 2848 ministro
745 2806 1056 2865 nunquam
1115 2785 1432 2847 celebrato.
1524 2788 1675 2847 Dum
1710 2808 1839 2847 eam
1878 2788 2056 2865 facis,
2122 2804 2334 2847 vocem
2378 2784 2685 2861 exaltato„

419 2906 574 2971 quae
603 2910 638 2947 a
675 2888 1192 2947 circumstantibus
1233 2888 1507 2949 exaudiri
1530 2890 1740 2969 possit.
1828 2875 2007 2960 Secus
2047 2894 2319 2968 agentem
2354 2886 2661 2969 corripite.

589 2990 737 3070 Cap.
779 2988 1054 3077 xxvltl.
1113 2988 1476 3066 Canonicos,
1538 2992 1649 3070 qui
1686 3012 1749 3053 se
1800 2992 2200 3052 creditoribus
2241 2992 2535 3051 obnoxios
2580 2990 2663 3051 ita

421 3093 836 3169 constituunt,
879 3101 950 3153 ut
973 3092 1028 3151 si
1057 3100 1280 3155 statuto
1313 3092 1410 3155 die
1435 3094 1637 3157 debito
1664 3116 1727 3155 se
1752 3114 1875 3155 non
1902 3094 2298 3174 absolverint,
2342 3092 2658 3155 interdicto

421 3196 512 3258 rei
551 3193 792 3253 divinae
823 3194 1252 3271 cohibeantur,
1295 3217 1330 3254 a
1367 3195 2017 3276 stipendiis'Ecclesiae
2054 3206 2185 3257 toto
2222 3196 2515 3258 trimestri
2552 3195 2665 3255 ab·-

423 3297 744 3374 stinent05,
763 3316 880 3357 nec
914 3296 1248 3378 quidquam
1279 3297 1422 3357 inde
1437 3342 1458 3377 ,
1500 3299 1785 3378 quamdiu
1814 3300 2040 3361 divinis
2068 3298 2479 3377 abstinebunt,
2522 3318 2659 3379 per-

425 3402 720 3483 cipiunto.
1001 3409 1008 3419 '
2660 3450 2667 3459 .

593 3504 739 3582 Cap.
765 3499 996 3563 XXIX.
1035 3502 1410 3606 solemnibus
1435 3501 1680 3583 diebus,
1720 3506 1866 3567 dum
1892 3504 2085 3566 maior
2106 3504 2285 3565 Missa
2308 3501 2443 3565 fieri
2471 3500 2657 3577 debet,

426 3604 770 3717 Capitulum
805 3624 932 3663 non
965 3604 1196 3683 cogito,
1240 3626 1350 3685 per
1377 3607 1671 3688 integram
1708 3608 1977 3690 alioquin
2004 3606 2439 3669 hebdomadam
2469 3612 2661 3667 trans·-

425 3678 724 3789 gressores
750 3706 1097 3786 quotidiana
1127 3708 1280 3787 stipe
1316 3708 1579 3789 privato.

599 3812 740 3891 Cap.
757 3810 956 3869 XXX.
1000 3810 1388 3889 Spectacula,
1433 3814 1643 3889 ludos,
1687 3813 2173 3885 comessationes,
2202 3810 2483 3892 choreas,
2510 3828 2659 3873 nun·

431 3912 772 3973 dinationes
785 3956 802 3989 ,
860 3910 1128 3975 ludibria
1167 3919 1228 3971 et
1269 3911 1533 3973 larvatas
1579 3932 1864 3995 personas
1920 3914 2197 3975 incedere
2210 3948 2239 3991 ‚·
2284 3912 2363 3973 ab
2404 3910 2659 3973 Ecclesia

429 4024 492 4075 et
523 4016 706 4075 sacris
745 4014 896 4075 locis
935 4022 1160 4073 arceto.
1245 4014 1743 4097 contemptorum
1778 4018 2015 4087 Clarum
2050 4015 2339 4077 trimestri
2371 4023 2659 4097 proventu

433 4116 730 4177 abstinere
751 4115 953 4175 iubeto
971 4134 993 4174 ι
1032 4114 1296 4197 reliquos
1329 4136 1585 4179 censura
1614 4120 2015 4181 ecclesiastica
2042 4118 2341 4185 cohibete.

601 4216 746 4295 Gap.
787 4216 1016 4277 XXXI.
1077 4218 1312 4279 Clerico
1365 4218 1629 4284 cuinsvfi
1678 4232 1909 4301 status,
1966 4221 2369 4285 concubinam
2416 4214 2655 4310 serenti,

432 4312 482 4377 a'
497 4315 760 4413 secunda
783 4315 966 4381 huius
991 4320 1335 4391 Smetionis
1355 4321 2431 4409 promulgatione'nonsesipiscsnfi,
2466 4318 2691 4387 Banu.
