2930 4963
387 381 478 448 ss
579 407 589 412 -

555 543 707 609 nem
735 543 1055 612 noa-tum
1089 513 1360 610 amasa
1395 545 1713 610 vicesima
1741 546 1961 610 >ara-0
2002 513 2300 610 suumn
2334 533 2633 610 ‹10'010-

387 851 624 906 Graecis
667 853 824 920 (cum
859 853 1150 908 Romanae
1177 846 1469 912 Ecclesiae
1498 853 1644 908 uniti
1686 852 1935 921 fuerint)
1994 851 2243 925 insignes
2287 849 2469 923 aliqui
2518 849 2632 906 viri

386 937 556 992 adiici
591 946 873 1009 poterunt.
887 939 924 968 “

516 1059 700 1126 „Nou
743 1058 850 1110 fiat
887 1055 1271 1110 cardinalium
1313 1056 1513 1110 electio
1554 1056 1740 1110 solum
1790 1073 1897 1127 per
1938 1055 2277 1110 auricularia
2310 1063 2471 1110 votas
2530 1043 2637 1110 sed

383 1141 469 1196 illi
501 1143 686 1195 solum
713 1142 917 1196 assumi
953 1143 1202 1212 possint,
1248 1141 1307 1193 in
1339 1159 1509 1213 quos,
1550 1143 1705 1195 facto
1744 1159 1875 1196 vero
1916 1141 2187 1195 scrutinio
2227 1159 2296 1195 ac
2318 1141 2629 1212 publicato,

385 1229 658 1280 maiorem
713 1237 936 1298 partem
996 1225 1389 1280 cardinalium
1441 1245 1543 1298 per
1601 1227 2068 1298 subscriptionem
2118 1243 2317 1280 manus
2364 1225 2633 1297 propriae

387 1312 700 1366 constiterit
727 1311 1094 1382 collegialiter
1119 1313 1469 1370 consensisse.
1554 1315 1811 1384 Desuper
1842 1315 2013 1366 etiam
2047 1312 2393 1381 Apostolicae
2428 1311 2633 1366 literae

385 1415 517 1451 cum
576 1397 986 1468 subscriptione
1036 1396 1417 1452 cardinalium
1465 1399 1872 1468 conficiantur,
1947 1399 2191 1452 Deci-eto
2246 1397 2411 1451 huius
2482 1397 2633 1452 sacri

383 1481 656 1552 concilii,
697 1482 759 1535 in
795 1491 996 1552 quarta
1039 1481 1290 1536 sessione
1320 1483 1645 1537 solemniter
1668 1483 1979 1555 publicato,
2023 1482 2175 1556 quod
2210 1483 2443 1552 incipit:
2484 1483 2631 1536 Item

384 1583 517 1621 cum
557 1567 956 1637 multiplicatio
985 1567 1370 1620 Cardinalium
1405 1571 1546 1635 etc„
1568 1568 1649 1621 -in
1688 1585 1788 1623 suo
1832 1569 2036 1621 robore
2070 1567 2471 1622 inviolabiliter
2498 1582 2631 1638 per-

385 1667 670 1706 mansuro.
753 1655 898 1706 Cum
925 1653 1202 1722 recipient
1237 1653 1559 1706 Cardinales
1585 1671 1715 1708 suae
1740 1653 2040 1724 Dignitatis
2064 1652 2307 1724 Insignis
2323 1689 2361 1720 ,
2385 1669 2630 1724 quorum

385 1737 722 1808 significatio,
753 1747 860 1806 est,
905 1746 968 1790 ut
1008 1755 1110 1807 pro
1139 1737 1286 1789 bono
1313 1739 1641 1792 universalis
1664 1737 1944 1792 Ecclesiae
1969 1737 2297 1808 sanguinem
2333 1737 2630 1806 proprium
2686 1797 2701 1804 ,

388 1824 457 1890 (si
497 1840 633 1893 opus
668 1823 762 1884 sit)
802 1840 920 1874 uon
952 1829 1249 1875 vereantur
1269 1821 1613 1903 effundere,
1657 1823 1923 1877 iul-abunt
1968 1822 2029 1876 in
2079 1821 2305 1892 publico
2346 1821 2631 1876 consisto-

385 1908 492 1976 rio,
532 1909 580 1960 si
604 1909 712 1962 sint
741 1909 801 1960 in
834 1907 1036 1972 curia3
1081 1907 1128 1960 si
1155 1923 1287 1959 vero
1333 1907 1620 1977 absentes,
1674 1907 1735 1960 in
1774 1907 2029 1960 manibus
2074 1906 2313 1960 alicuius
2346 1899 2629 1976 Episcopi,

389 2003 445 2045 et
475 1993 726 2063 publice,
771 1992 862 2043 cui
889 2008 994 2089 per
1016 1990 1207 2044 literas
1228 1991 1601 2061 Apostolicas,
1645 1991 1705 2045 in
1750 1993 1951 2063 quibus
1975 1993 2161 2046 forma
2202 1990 2513 2058 juramenti
2537 1991 2631 2044 in-

385 2087 532 2132 serta
565 2077 669 2150 sit,
713 2077 1074 2130 commissum
1119 2076 1326 2146 suerit,
1369 2077 1430 2130 in
1465 2075 1621 2132 bunc
1660 2077 1933 2132 modum&

515 2197 690 2268 „Ego
725 2197 796 2250 N.
839 2211 1020 2267 nuper
1055 2205 1333 2250 assumtus
1387 2196 1446 2250 in
1498 2207 1720 2250 sanctae
1762 2199 2053 2252 Romanae
2100 2193 2388 2248 Ecclesiae
2432 2189 2629 2250 cudi-2

391 2281 580 2336 nalem
601 2320 618 2350 ,
673 2281 742 2334 ab
786 2280 894 2334 hac
930 2282 1072 2334 hora
1113 2282 1338 2334 inantea
1380 2299 1479 2336 ero
1517 2283 1713 2336 fidelis·
1743 2284 1807 2336 B.
1856 2283 2055 2350 Petro,
2110 2280 2526 2352 universalique
2568 2289 2631 2334 et
2700 2329 2721 2340 ,

388 2369 674 2422 Romanae
713 2366 998 2422 Ecclesiae
1038 2383 1106 2419 ac
1137 2385 1374 2430 summo,
1400 2367 1689 2436 Pontifici,
1731 2369 1959 2438 eiusque
2002 2365 2411 2419 successoribus
2460 2382 2629 2420 cano-

384 2455 510 2508 nice
539 2453 912 2511 intrantibusz
955 2451 1218 2507 laborabo
1247 2453 1489 2507 fideliter
1520 2469 1621 2525 pro
1654 2453 1969 2508 defensione
1997 2449 2129 2505 fidei
2158 2451 2483 2517 catholicae,
2534 2467 2629 2505 ex-

383 2539 817 2611 stirpationeque
881 2538 1173 2594 haeresum
1231 2548 1287 2593 et
1335 2553 1593 2593 errorum
1646 2556 1713 2591 ac
1764 2539 2160 2603 schismatum,
2224 2536 2627 2590 reformatione

381 2641 610 2679 morum
657 2642 723 2677 ac
772 2638 910 2694 pace
963 2624 1026 2677 in
1065 2624 1275 2696 populo
1315 2625 1650 2682 Christiano.
1738 2624 1806 2677 In
1859 2622 2285 2677 alienationibus
2332 2638 2519 2675 rerum
2569 2632 2627 2675 et

297 2738 308 2744 -
331 2758 346 2782 ·.
379 2712 659 2785 bonorum
697 2708 978 2762 Ecclesiae
1021 2710 1344 2799 Romanae,
1392 2719 1490 2762 aut
1531 2709 1768 2764 aliarum
1798 2704 2174 2762 Ecclesiarum
2216 2716 2273 2759 et
2315 2707 2626 2760 Beneficio·

380 2812 510 2849 rum
536 2809 1051 2867 quorumcumque,
1095 2810 1210 2845 non
1240 2778 1618 2861 consentiam,
1660 2794 1766 2847 nisi
1800 2788 1867 2863 in
1898 2794 2129 2860 casibus,
2166 2809 2200 2845 a
2236 2790 2361 2845 iure
2387 2792 2625 2862 permis-

381 2880 486 2952 sis3
533 2888 589 2933 et
620 2894 722 2949 pro
753 2876 1003 2932 alienatis
1031 2877 1102 2930 ab
1135 2876 1386 2931 Ecclesia
1429 2879 1689 2933 Romana
1713 2876 2105 2949 recuperandis
2140 2894 2246 2948 pro
2288 2892 2450 2947 posse
2490 2892 2627 2949 ope-

267 2965 274 2971 '
380 2982 511 3021 ram
553 2962 716 3021 dabo.
803 2964 934 3017 Non
979 2962 1269 3017 consulam
1313 2962 1617 3036 quidquam
1652 2956 1877 3019 'summo
1909 2963 2199 3031 Pontifici,
2237 2978 2344 3015 nec
2386 2960 2625 3016 suberi·-

382 3052 515 3105 bam
550 3066 674 3119 me²
717 3048 822 3102 nisi
859 3032 1172 3101 secundum
1213 3050 1398 3103 Deum
1445 3059 1503 3101 et
1552 3050 1954 3103 conscientiam
1998 3066 2201 3103 meam.
2288 3048 2445 3119 Quae
2481 3046 2625 3102 mihi

278 3124 294 3140 ²
381 3152 484 3206 per
529 3134 729 3187 Sedem
769 3132 1145 3205 Apostolicam
1193 3136 1491 3188 commissa
1539 3134 1781 3201 fuerint,
1850 3134 2093 3189 fideliter
2148 3148 2432 3204 exsequar.
2488 3130 2625 3187 eul-

313 3250 332 3264 ae
381 3232 508 3273 tum
547 3219 800 3273 divinum
857 3218 918 3292 iu
952 3216 1204 3273 Ecclesia
1261 3220 1414 3274 tituli
1455 3221 1601 3291 mei,
1647 3230 1705 3273 et
1750 3219 1871 3275 eius
1912 3220 2063 3274 bona
2107 3218 2482 3287 conservabo,
2538 3218 2625 3293 pic

379 3322 478 3359 me
514 3306 668 3359 Deus
707 3304 946 3359 adiuvet.
965 3300 1006 3333 ‘⁴

417 3472 420 3478 .
511 3464 556 3498 „
571 3426 678 3479 Pro
721 3422 1118 3492 consequendis
1175 3422 1562 3477 cardinalium
1616 3423 1823 3493 titulis,
1882 3440 2123 3495 quorum
2170 3422 2345 3493 aliqui
2397 3430 2517 3476 tam
2558 3418 2625 3477 in

382 3508 573 3565 divino
613 3508 802 3579 cultu,
847 3524 1018 3581 quam
1057 3508 1350 3575 aedificiis,
1409 3510 1677 3577 nimium,
1738 3509 1879 3581 proh
1923 3510 2111 3577 dolor,
2154 3508 2215 3561 in
2252 3506 2625 3590 opprobrium

380 3595 536 3650 Sedis
582 3592 932 3665 Apostolicae
975 3600 1030 3647 et
1069 3594 1318 3664 ipsorum
1359 3594 1740 3650 cardinalium
1784 3594 2021 3667 collapsi
2054 3603 2216 3661 sunt3
2260 3593 2449 3646 statuit
2480 3593 2623 3645 baec

379 3689 576 3735 sancta
615 3680 899 3751 synodus,
949 3689 1014 3732 ut
1053 3677 1121 3732 de
1167 3680 1438 3735 reditibus
1483 3698 1581 3735 seu
1617 3682 1974 3751 proventibus
2017 3688 2296 3732 terrarum
2332 3681 2621 3733 Romanae

297 3750 303 3761 ’
379 3766 690 3835 Ecclesiae,
727 3770 976 3836 quorum
1016 3764 1284 3819 medietas
1327 3765 1481 3819 iuxta
1508 3768 1963 3821 constitutionem
2000 3765 2251 3829 Nicolai,
2298 3764 2504 3834 Papae,
2544 3761 2623 3818 ad.

377 3850 704 3905 Cardinales
743 3852 846 3919 (ut
887 3848 1238 3918 praedictum
1281 3850 1401 3916 est)
1445 3854 1755 3921 pertineat,
1816 3850 2036 3905 decima
2091 3867 2221 3931 pars
2263 3852 2412 3915 eius,
2466 3846 2622 3919 quod

377 3942 599 4006 spectat
651 3935 722 3988 ad
759 3934 1068 4005 quemlibet
1115 3934 1498 3989 Cardinslium
1516 3957 1553 4002 ,⁰
1588 3937 1817 4007 proprio
1856 3936 2025 3990 titulo
2060 3936 2293 4007 singulis
2328 3934 2491 3989 annis
2518 3950 2621 4002 ap·
2702 3934 2707 3942 '

378 4021 642 4091 plicetur.
726 4020 799 4073 Et
837 4019 1012 4073 nihilo
1053 4018 1240 4074 minus
1281 4021 1372 4073 vel
1405 4022 1467 4073 in
1514 4022 1659 4088 vita,
1704 4023 1797 4075 vel
1833 4022 1892 4074 in
1934 4031 2117 4075 morte
2152 4020 2389 4093 quilibet
2423 4016 2623 4075 cardi-

377 4106 520 4160 nalis
545 4112 770 4159 tantum
801 4105 1028 4175 proprio
1057 4104 1220 4159 titulo
1255 4106 1582 4176 relinquat,
1602 4107 1775 4161 unde
1810 4106 2185 4163 communiter
2224 4122 2339 4162 una
2380 4118 2625 4173 persona
2656 4143 2705 4177 .-

379 4190 676 4245 sustentari
705 4190 886 4259 possit.
979 4182 1190 4262 Quodsi
1235 4208 1350 4247 non
1391 4193 1623 4259 fecerit,
1670 4203 1788 4247 tam
1820 4196 1924 4264 pro
1954 4193 2093 4259 boc,
2136 4206 2309 4261 quam
2332 4204 2435 4261 pro
2464 4188 2621 4243 dicta

377 4276 599 4329 decima
645 4282 835 4345 parte,
875 4274 1026 4329 bona
1068 4278 1264 4335 omnia
1304 4277 1479 4349 ipsius
1518 4278 1831 4333 Cardinalis
1866 4276 2121 4350 obligata
2156 4276 2269 4331 sint
2313 4290 2489 4345 usque
2544 4272 2624 4327 ad

377 4360 1112 4418 debit-mundationem.
1154 4398 1169 4408 ,
1195 4364 1274 4419 Et
1297 4362 1372 4419 ad
1397 4365 1815 4419 exsecutionem
1848 4364 2017 4421 buius
2044 4377 2345 4417 oneramus
2364 4359 2621 4433 mimum
