2930 4963
2393 397 2640 465 198-

274 557 699 622 cardinalibus
724 557 1036 642 prioribus
1064 555 1331 642 quinque
1360 558 1569 625 diebus
1583 607 1604 640 ,
1655 573 2044 642 quaecunque
2071 560 2268 626 uelint
2279 607 2298 642 ,
2345 553 2522 624 ciba-

270 661 365 726 ris
412 663 615 741 tradi,
682 663 823 724 exin
875 661 1079 722 triduo
1122 663 1370 724 unicum
1428 665 1724 726 duntaxat
1766 663 2065 725 ferculum
2083 711 2104 744 ,
2157 667 2286 728 sive
2318 687 2518 750 assum
2575 697 2582 704 ·

272 765 405 826 sive
432 765 661 826 elixum
686 763 873 844 magis
904 764 1183 844 cupiant,
1226 763 1365 846 pbst
1390 767 1588 827 solum
1612 785 1832 848 panem
1872 766 2204 851 vinumque
2228 769 2516 854 permitti.

271 867 351 928 In
392 869 691 929 conclave
724 867 872 927 licet
913 858 1289 928 cardinalem
1348 869 1504 930 duos
1542 869 1798 930 famulos
1833 867 2084 944 habere,
2129 871 2516 951 capellanum

234 997 243 1010 ·
274 970 779 1051 Scutiferumque.
874 953 1051 1028 Ultra
1092 966 1207 1028 hos
1268 979 1449 1031 nemo*
1488 969 1950 1048 intromittitur,
2003 970 2124 1032 nisi
2167 971 2425 1033 sacrista
2455 982 2518 1033 et

274 1071 397 1132 duo
429 1069 916 1133 ceremoniarum
944 1067 1193 1143 Clerici,
1240 1071 1623 1155 quibus‘post
1652 1073 2006 1133 electionem
2031 1075 2207 1135 lucro
2242 1085 2332 1134 est
2365 1075 2518 1138 cena

272 1175 421 1237 novi
448 1167 755 1254 Pontificis
786 1183 844 1235 et
864 1173 1031 1254 quod
1056 1173 1187 1232 illic
1213 1175 1548 1236 ornamenti
1574 1183 1686 1236 est.
1771 1175 2008 1237 Cibaria
2048 1174 2116 1237 in
2147 1177 2518 1238 cornuta-fe-

270 1286 499 1339 runtur
534 1279 755 1338 clausa.
840 1277 957 1336 Sed
981 1257 1335 1357 aperiuntur
1358 1285 1498 1336 ante
1531 1277 1814 1338 ultimum
1853 1278 2072 1339 ostium
2117 1299 2228 1360 per
2255 1289 2518 1360 quatuor

271 1379 579 1440 Praelatos
606 1379 1163 1461 inspiciunturque,
1207 1393 1284 1435 ne
1320 1376 1465 1456 quid
1491 1377 1805 1440 literarum
1858 1401 2238 1443 armorumve
2265 1381 2514 1444 feratur.

274 1482 685 1544 Coi-natarum
712 1482 957 1568 nomine
992 1479 1147 1540 nihil
1170 1479 1339 1538 aliud
1364 1477 1696 1560 intelligas,
1741 1503 1920 1564 quam
1951 1485 2128 1544 cistas
2147 1485 2374 1564 ligneas
2403 1485 2518 1546 de-

270 1585 469 1666 pictas
495 1594 554 1645 et
578 1585 756 1667 armis
786 1583 1103 1646 cuiuslibet
1126 1581 1461 1641 Cardinalis
1485 1593 1746 1646 ornatas.
1835 1585 2006 1646 Intus
2034 1587 2260 1648 fercula
2290 1608 2516 1649 recon-

273 1687 528 1749 duntur.
613 1685 1076 1760 Duo,89utiferi
1118 1703 1298 1744 unam
1338 1684 1628 1763 perticam
1665 1707 2010 1768 suspensam
2043 1697 2308 1770 portant.
2394 1689 2518 1750 Alii

270 1789 404 1852 bini
452 1777 836 1872 praecedunt.
920 1789 1273 1868 Sequuntur
1308 1784 1374 1858 in
1417 1789 1822 1867 processione'
1845 1789 2134 1873 Episcopi
2180 1791 2518 1872 caeterique

274 1893 496 1955 Clerici
527 1894 603 1955 de
628 1887 851 1976 {saniilia
877 1892 1003 1952 eius
1032 1875 1399 1967 cardinalis,
1448 1891 1618 1952 cuins
1653 1903 1906 1953 cornuta
1952 1891 2158 1977 fertur.
2246 1895 2366 1955 Tot
2405 1896 2516 1955 fu-

270 2019 417 2059 nera
440 1997 585 2058 duci
616 1995 855 2071 credas,
903 2003 1055 2075 quot
1084 2001 1371 2057 cornutae
1402 1993 1866 2086 cardinalesque
1894 2005 2054 2060 sunt.
2139 1997 2340 2077 Usque
2365 1996 2514 2057 adeo
2551 2007 2556 2014 '

272 2099 818 2162 miseros-Curiales
858 2095 1144 2157 adulandi
1186 2095 1558 2156 consuetudo
1595 2097 1822 2176 illexit,
1865 2107 1967 2176 ut,
2013 2115 2150 2160 cum
2175 2096 2516 2161 cardinali·-

270 2205 384 2266 bus
440 2211 773 2285 nequeant,
835 2198 1104 2260 cornutis
1164 2205 1546 2258 assententur
1554 2220 1574 2276 3
1647 2209 1826 2280 atque
1865 2189 2001 2261 illas
2046 2201 2238 2262 nihilo
2287 2203 2508 2276 minus,

271 2329 453 2390 quam
480 2305 819 2366 cardinales
854 2301 1175 2363 honorant.
1262 2301 1427 2362 Duae
1448 2299 1564 2362 ‘his
1607 2301 1896 2364 inu-ebus
1932 2305 2058 2365 risu
2098 2305 2312 2386 dignae
2350 2295 2515 2368 visae

262 2417 417 2472 'sunt
454 2408 830 2470 cerimoniae.
914 2405 1075 2465 Haec
1100 2423 1239 2463 una.
1324 2403 1564 2483 Altera,
1608 2407 1891 2487 quoniam
1935 2408 2125 2468 media
2159 2407 2354 2469 hieme
2399 2409 2514 2470 sub

269 2536 425 2597 pyra
442 2562 463 2593 ,
503 2534 683 2594 quam
725 2510 953 2571 doloris
997 2508 1259 2569 castrum
1284 2508 1621 2588 appellant,
1667 2509 1963 2589 quatuor,
1997 2510 2357 2591 'lugubribus
2407 2512 2512 2573 in-

272 2618 407 2679 duti
432 2617 699 2680 vestibus
717 2660 737 2692 ‚
777 2612 1031 2673 flabellis
1047 2660 1065 2690 ,
1112 2630 1261 2691 quse
1288 2630 1420 2681 non
1442 2610 1698 2687 adsunt,
1739 2633 1973 2674 muscas
1999 2615 2327 2695 expellant,
2355 2636 2514 2677 ven-

268 2720 589 2798 tulumque
620 2722 757 2791 non{
770 2713 1065 2798 praesenti
1090 2712 1367 2791 Pontifici
1396 2713 1644 2775 faciunt.
1727 2714 1998 2775 Alterum
2028 2718 2514 2799 superstitiosum

272 2820 563 2882 dixerunt
605 2817 847 2900 quidam
874 2864 891 2894 ‚
951 2818 1206 2877 alterum
1246 2816 1422 2878 anile.
1523 2816 1647 2877 Nos
1695 2828 1980 2898 utrasque
2023 2822 2387 2882 ceremonias
2436 2822 2512 2883 ab

270 2922 543 2984 Ecclesia
566 2918 795 2983 secludi
821 2903 1144 2997 vellemus,
1178 2938 1359 2999 quam
1382 2938 1595 2999 puram
1625 2930 1686 2979 et
1716 2906 2157 2983 immaculatam
2189 2944 2317 2984 esse
2333 2946 2514 3006 prae-

270 3026 495 3090 dicant.
582 3024 701 3084 Sed
726 3021 1180 3083 concedendum
1210 3030 1297 3080 est
1336 3020 1566 3099 aliquid
1607 3018 2046 3085 consuetudini.
2114 3026 2273 3087 Illud
2298 3028 2512 3089 admo·
2591 3092 2605 3115 t

271 3130 417 3189 dum
462 3126 687 3209 placuit
710 3124 885 3185 nobis
910 3170 927 3201 ,
974 3122 1253 3204 quoniam
1277 3123 1534 3202 >singulis
1561 3118 1768 3185 diebus
1797 3127 2098 3205 processio
2135 3130 2512 3191 sacerdotum
2529 3198 2546 3213 ο

272 3232 429 3293 circa
458 3230 757 3289 conclave
790 3228 905 3287 fuit
929 3271 948 3304 ,
992 3226 1235 3286 summis
1278 3226 1556 3305 precibus
1599 3228 1860 3309 Spiritus
1891 3228 2086 3289 sancti
2118 3232 2512 3310 praesentiam
2559 3236 2570 3251 ⁸
2605 3242 2614 3248 '

254 3332 550 3394 ‘electioni
594 3330 937 3409 deposcens.
1024 3330 1147 3388 Nec
1184 3328 1345 3388 enim
1396 3330 1599 3388 abesse
1644 3330 1828 3407 solet,
1877 3352 2015 3391 cum
2051 3332 2285 3393 sincera
2315 3342 2514 3393 mente

273 3436 619 3520 deposcitur
646 3432 777 3507 ille,
823 3429 928 3489 sed
954 3428 1119 3491 ult'ro
1145 3430 1499 3490 vocantibus
1545 3430 1713 3518 adest
1750 3451 2022 3512 opusque
2054 3413 2272 3512 dirigit.
2357 3434 2416 3497 Is
2453 3443 2514 3496 et

271 3538 558 3600 orationis
596 3543 835 3595 nostrae
864 3530 1099 3593 tertiam
1142 3530 1371 3611 parterh
1404 3532 1476 3591 in
1515 3532 1698 3591 finem
1736 3534 2048 3613 perduxit.
2133 3536 2235 3593 Sic
2281 3544 2341 3593 et
2381 3534 2514 3616 ipse

271 3650 514 3720 quartae
562 3648 621 3698 et
665 3636 909 3697 ultimae
952 3634 1138 3715 partis
1178 3632 1498 3712 directet*)
1539 3634 1820 3713 'suasque
1859 3654 2062 3705 aures,
2117 3637 2330 3696 Caesar
2363 3638 2516 3696 Cle-
2599 3696 2620 3705 ,

269 3742 663 3817 mentissime,
706 3738 992 3816 benignas
1016 3736 1313 3817 praebeat.
1403 3736 1468 3795 Si
1515 3732 1663 3815 quid
1689 3722 1800 3795 'est
1840 3736 1998 3797 enim
2053 3736 2130 3796 de
2177 3734 2307 3815 his,
2360 3758 2514 3820 quae
2585 3764 2595 3773 ’

271 3844 565 3920 diximus,
610 3842 775 3922 quod
813 3838 1022 3921 pietati
1075 3836 1313 3899 divinae
1339 3836 1732 3897 tribuendum
1771 3844 1975 3919 putes,
2013 3837 2168 3917 hoc,
2214 3840 2378 3918 quod
2408 3859 2512 3901 re-

232 3964 243 3975 ·
270 3954 415 4023 stat,
460 3944 717 4005 maxime
746 3944 866 4001 Deo
898 3942 1319 4021 imputandum
1356 3950 1460 4001 est.
1515 3942 1704 4018 Bene,
1747 3940 2117 4039 melier-elale,
2155 3950 2340 4022 atque
2368 3964 2512 4005 vere

272 4046 647 4108 cardinalem
682 4045 1164 4125 Portugalensem
1196 4043 1421 4105 diidsse
1451 4050 1704 4108 comtst.
1787 4042 1846 4105 Is
1859 4088 1881 4123 ,
1915 4052 1988 4105 ut
2017 4038 2107 4105 est
2139 4064 2294 4107 voce
2329 4028 2522 4129 quam*-

392 4358 449 4429 ¹⁶)
500 4354 831 4413 viennen:
876 4324 1179 4429 dirigat.

2014 4452 2100 4521 13
