<?xml version="1.0" encoding="UTF-8"?>
<!DOCTYPE html PUBLIC "-//W3C//DTD XHTML 1.0 Transitional//EN"
    "http://www.w3.org/TR/xhtml1/DTD/xhtml1-transitional.dtd">
<html xmlns="http://www.w3.org/1999/xhtml" xml:lang="en" lang="en">
 <head>
  <title>
</title>
<meta http-equiv="Content-Type" content="text/html;charset=utf-8" />
  <meta name='ocr-system' content='tesseract 3.04.00' />
  <meta name='ocr-capabilities' content='ocr_page ocr_carea ocr_par ocr_line ocrx_word'/>
</head>
<body>
  <div class='ocr_page' id='page_1' title='image "./vollstndigesamm01mngoog_0257.png"; bbox 0 0 2930 4963; ppageno 0'>
   <div class='ocr_carea' id='block_1_1' title="bbox 2432 389 2799 460">
    <p class='ocr_par' dir='ltr' id='par_1_1' title="bbox 2432 389 2799 460">
     <span class='ocr_line' id='line_1_1' title="bbox 2432 389 2799 460; baseline -0.005 0"><span class='ocrx_word' id='word_1_1' title='bbox 2432 389 2799 460; x_wconf 18' lang='lat'><em>2437·</em></span> 
     </span>
    </p>
   </div>
   <div class='ocr_carea' id='block_1_2' title="bbox 488 505 2569 638">
    <p class='ocr_par' dir='ltr' id='par_1_2' title="bbox 488 505 2569 638">
     <span class='ocr_line' id='line_1_2' title="bbox 488 505 2569 638; baseline 0.002 -20"><span class='ocrx_word' id='word_1_2' title='bbox 488 555 544 637; x_wconf 85' lang='lat'><strong>§.</strong></span> <span class='ocrx_word' id='word_1_3' title='bbox 589 559 698 624; x_wconf 75' lang='grc'><strong>12.</strong></span> <span class='ocrx_word' id='word_1_4' title='bbox 783 553 886 615; x_wconf 86' lang='lat' dir='ltr'><strong>De</strong></span> <span class='ocrx_word' id='word_1_5' title='bbox 936 507 1412 618; x_wconf 73' lang='lat' dir='ltr'><strong>interdictis</strong></span> <span class='ocrx_word' id='word_1_6' title='bbox 1465 575 1621 630; x_wconf 81' lang='grc'>11011</span> <span class='ocrx_word' id='word_1_7' title='bbox 1672 505 1960 617; x_wconf 81' lang='lat' dir='ltr'><strong>leviter</strong></span> <span class='ocrx_word' id='word_1_8' title='bbox 2000 543 2405 638; x_wconf 77' lang='lat' dir='ltr'><strong>ponendis.</strong></span> <span class='ocrx_word' id='word_1_9' title='bbox 2486 559 2569 622; x_wconf 88' lang='lat' dir='ltr'><strong>Et</strong></span> 
     </span>
    </p>
   </div>
   <div class='ocr_carea' id='block_1_3' title="bbox 309 650 2669 753">
    <p class='ocr_par' dir='ltr' id='par_1_3' title="bbox 309 650 2669 753">
     <span class='ocr_line' id='line_1_3' title="bbox 309 650 2669 753; baseline 0.001 -35"><span class='ocrx_word' id='word_1_10' title='bbox 309 650 604 753; x_wconf 80' lang='lat' dir='ltr'><strong>quoniam</strong></span> <span class='ocrx_word' id='word_1_11' title='bbox 635 653 1062 716; x_wconf 79' lang='lat' dir='ltr'><strong>ex&#39;indisereta</strong></span> <span class='ocrx_word' id='word_1_12' title='bbox 1087 655 1550 718; x_wconf 77' lang='lat' dir='ltr'><strong>interdictorum</strong></span> <span class='ocrx_word' id='word_1_13' title='bbox 1575 653 2060 739; x_wconf 68' lang='lat' dir='ltr'><strong>promulgatione</strong></span> <span class='ocrx_word' id='word_1_14' title='bbox 2086 657 2275 718; x_wconf 85' lang='lat' dir='ltr'><strong>multa</strong></span> <span class='ocrx_word' id='word_1_15' title='bbox 2304 679 2565 722; x_wconf 77' lang='grc' dir='ltr'>0001νο-</span> <span class='ocrx_word' id='word_1_16' title='bbox 2662 723 2669 731; x_wconf 74' lang='grc'><em>,</em></span> 
     </span>
    </p>
   </div>
   <div class='ocr_carea' id='block_1_4' title="bbox 233 758 2657 4514">
    <p class='ocr_par' dir='ltr' id='par_1_4' title="bbox 305 758 2563 1560">
     <span class='ocr_line' id='line_1_4' title="bbox 305 758 2563 843; baseline 0 -20"><span class='ocrx_word' id='word_1_17' title='bbox 305 769 541 823; x_wconf 76' lang='lat' dir='ltr'><strong>verunt</strong></span> <span class='ocrx_word' id='word_1_18' title='bbox 563 759 846 820; x_wconf 78' lang='lat' dir='ltr'><strong>scandala</strong></span> <span class='ocrx_word' id='word_1_19' title='bbox 871 759 1140 837; x_wconf 82' lang='lat' dir='ltr'><strong>evenire,</strong></span> <span class='ocrx_word' id='word_1_20' title='bbox 1183 759 1534 835; x_wconf 82' lang='lat' dir='ltr'><strong>statuimus,</strong></span> <span class='ocrx_word' id='word_1_21' title='bbox 1580 759 1747 838; x_wconf 76' lang='lat' dir='ltr'><strong>quod</strong></span> <span class='ocrx_word' id='word_1_22' title='bbox 1774 758 1941 818; x_wconf 83' lang='lat' dir='ltr'><strong>nulla</strong></span> <span class='ocrx_word' id='word_1_23' title='bbox 1967 759 2208 838; x_wconf 85' lang='lat' dir='ltr'><strong>civitas,</strong></span> <span class='ocrx_word' id='word_1_24' title='bbox 2252 763 2563 843; x_wconf 87' lang='lat' dir='ltr'><strong>oppidum,</strong></span> 
     </span>
     <span class='ocr_line' id='line_1_5' title="bbox 309 846 2561 945; baseline 0.002 -23"><span class='ocrx_word' id='word_1_25' title='bbox 309 871 584 922; x_wconf 85' lang='lat' dir='ltr'><strong>castrum</strong></span> <span class='ocrx_word' id='word_1_26' title='bbox 599 907 617 940; x_wconf 88' lang='lat'><strong>,</strong></span> <span class='ocrx_word' id='word_1_27' title='bbox 676 861 828 920; x_wconf 70' lang='lat' dir='ltr'><strong>villa</strong></span> <span class='ocrx_word' id='word_1_28' title='bbox 878 869 984 920; x_wconf 82' lang='lat' dir='ltr'><strong>aut</strong></span> <span class='ocrx_word' id='word_1_29' title='bbox 1021 861 1196 920; x_wconf 80' lang='lat' dir='ltr'><strong>locus</strong></span> <span class='ocrx_word' id='word_1_30' title='bbox 1245 846 1647 920; x_wconf 81' lang='lat' dir='ltr'><strong>eeclesiastico</strong></span> <span class='ocrx_word' id='word_1_31' title='bbox 1684 861 1945 940; x_wconf 82' lang='lat' dir='ltr'><strong>supponi</strong></span> <span class='ocrx_word' id='word_1_32' title='bbox 1986 863 2177 940; x_wconf 84' lang='lat' dir='ltr'><strong>possit</strong></span> <span class='ocrx_word' id='word_1_33' title='bbox 2218 864 2561 945; x_wconf 82' lang='lat' dir='ltr'><strong>interdicto,</strong></span> 
     </span>
     <span class='ocr_line' id='line_1_6' title="bbox 309 962 2563 1045; baseline 0.001 -20"><span class='ocrx_word' id='word_1_34' title='bbox 309 962 436 1025; x_wconf 76' lang='lat' dir='ltr'><strong>nisi</strong></span> <span class='ocrx_word' id='word_1_35' title='bbox 463 981 539 1023; x_wconf 78' lang='lat' dir='ltr'><strong>ex</strong></span> <span class='ocrx_word' id='word_1_36' title='bbox 571 981 745 1021; x_wconf 80' lang='lat' dir='ltr'><strong>eausa</strong></span> <span class='ocrx_word' id='word_1_37' title='bbox 775 977 899 1022; x_wconf 85' lang='lat' dir='ltr'><strong>seu‘</strong></span> <span class='ocrx_word' id='word_1_38' title='bbox 911 963 1134 1045; x_wconf 84' lang='lat' dir='ltr'><strong>culpa</strong></span> <span class='ocrx_word' id='word_1_39' title='bbox 1114 981 1383 1044; x_wconf 76' lang='lat' dir='ltr'><strong>ipsorum</strong></span> <span class='ocrx_word' id='word_1_40' title='bbox 1409 963 1723 1039; x_wconf 87' lang='lat' dir='ltr'><strong>locorum,</strong></span> <span class='ocrx_word' id='word_1_41' title='bbox 1767 971 1871 1022; x_wconf 85' lang='lat' dir='ltr'><strong>aut</strong></span> <span class='ocrx_word' id='word_1_42' title='bbox 1900 963 2167 1040; x_wconf 81' lang='lat' dir='ltr'>Domini,</span> <span class='ocrx_word' id='word_1_43' title='bbox 2210 986 2311 1026; x_wconf 88' lang='lat' dir='ltr'><strong>seu</strong></span> <span class='ocrx_word' id='word_1_44' title='bbox 2338 969 2563 1028; x_wconf 87' lang='lat' dir='ltr'><strong>Recto·-</strong></span> 
     </span>
     <span class='ocr_line' id='line_1_7' title="bbox 309 1063 2560 1146; baseline 0.001 -19"><span class='ocrx_word' id='word_1_45' title='bbox 309 1065 444 1142; x_wconf 80' lang='lat' dir='ltr'><strong>ris,</strong></span> <span class='ocrx_word' id='word_1_46' title='bbox 495 1063 596 1125; x_wconf 80' lang='lat' dir='ltr'><strong>vel</strong></span> <span class='ocrx_word' id='word_1_47' title='bbox 625 1063 1027 1124; x_wconf 80' lang='lat' dir='ltr'><strong>officialium·</strong></span> <span class='ocrx_word' id='word_1_48' title='bbox 1013 1111 1030 1141; x_wconf 91' lang='lat'><strong>,</strong></span> <span class='ocrx_word' id='word_1_49' title='bbox 1089 1075 1344 1146; x_wconf 82' lang='lat' dir='ltr'><strong>propter</strong></span> <span class='ocrx_word' id='word_1_50' title='bbox 1379 1065 1615 1144; x_wconf 80' lang='lat' dir='ltr'><strong>culpam</strong></span> <span class='ocrx_word' id='word_1_51' title='bbox 1652 1071 1849 1126; x_wconf 86' lang='lat' dir='ltr'><strong>autem</strong></span> <span class='ocrx_word' id='word_1_52' title='bbox 1883 1083 1989 1124; x_wconf 88' lang='lat' dir='ltr'><strong>seu</strong></span> <span class='ocrx_word' id='word_1_53' title='bbox 2029 1085 2265 1125; x_wconf 75' lang='lat' dir='ltr'><strong>causam</strong></span> <span class='ocrx_word' id='word_1_54' title='bbox 2312 1068 2560 1130; x_wconf 86' lang='lat' dir='ltr'><strong>alterius</strong></span> 
     </span>
     <span class='ocr_line' id='line_1_8' title="bbox 315 1153 2562 1250; baseline 0.001 -22"><span class='ocrx_word' id='word_1_55' title='bbox 315 1153 740 1248; x_wconf 70' lang='lat' dir='ltr'><strong>cuiuscunqim</strong></span> <span class='ocrx_word' id='word_1_56' title='bbox 781 1163 1052 1248; x_wconf 79' lang='lat' dir='ltr'><strong>pri&#39;vatae</strong></span> <span class='ocrx_word' id='word_1_57' title='bbox 1093 1185 1384 1248; x_wconf 83' lang='lat' dir='ltr'><strong>personae</strong></span> <span class='ocrx_word' id='word_1_58' title='bbox 1431 1164 1773 1226; x_wconf 83' lang='lat' dir='ltr'><strong>huiusmodi</strong></span> <span class='ocrx_word' id='word_1_59' title='bbox 1834 1165 1967 1226; x_wconf 81' lang='lat' dir='ltr'><strong>loca</strong></span> <span class='ocrx_word' id='word_1_60' title='bbox 2012 1167 2295 1229; x_wconf 83' lang='lat' dir='ltr'><strong>interdici</strong></span> <span class='ocrx_word' id='word_1_61' title='bbox 2338 1191 2562 1250; x_wconf 85' lang='lat' dir='ltr'><strong>nequa-</strong></span> 
     </span>
     <span class='ocr_line' id='line_1_9' title="bbox 316 1265 2563 1360; baseline 0.001 -29"><span class='ocrx_word' id='word_1_62' title='bbox 316 1291 497 1353; x_wconf 84' lang='lat' dir='ltr'><strong>quam</strong></span> <span class='ocrx_word' id='word_1_63' title='bbox 525 1272 756 1351; x_wconf 80' lang='lat' dir='ltr'><strong>possint</strong></span> <span class='ocrx_word' id='word_1_64' title='bbox 783 1269 1138 1330; x_wconf 80' lang='lat' dir='ltr'><strong>auctoritate</strong></span> <span class='ocrx_word' id='word_1_65' title='bbox 1164 1285 1523 1360; x_wconf 85' lang='lat' dir='ltr'><strong>quacunque</strong></span> <span class='ocrx_word' id='word_1_66' title='bbox 1554 1265 1887 1346; x_wconf 82' lang='lat' dir='ltr'><strong>ordinaria,</strong></span> <span class='ocrx_word' id='word_1_67' title='bbox 1946 1269 2045 1327; x_wconf 85' lang='lat' dir='ltr'><strong>vel</strong></span> <span class='ocrx_word' id='word_1_68' title='bbox 2089 1267 2389 1348; x_wconf 86' lang='lat' dir='ltr'><strong>delegata,</strong></span> <span class='ocrx_word' id='word_1_69' title='bbox 2440 1271 2563 1332; x_wconf 87' lang='lat' dir='ltr'><strong>nisi</strong></span> 
     </span>
     <span class='ocr_line' id='line_1_10' title="bbox 309 1368 2561 1454; baseline -0.001 -21"><span class='ocrx_word' id='word_1_70' title='bbox 309 1373 459 1434; x_wconf 83' lang='lat' dir='ltr'><strong>talis</strong></span> <span class='ocrx_word' id='word_1_71' title='bbox 502 1391 758 1452; x_wconf 85' lang='lat' dir='ltr'><strong>persona</strong></span> <span class='ocrx_word' id='word_1_72' title='bbox 794 1372 960 1454; x_wconf 86' lang='lat' dir='ltr'><strong>prius</strong></span> <span class='ocrx_word' id='word_1_73' title='bbox 999 1370 1180 1431; x_wconf 84' lang='lat' dir='ltr'><strong>fuerit</strong></span> <span class='ocrx_word' id='word_1_74' title='bbox 1229 1368 1745 1432; x_wconf 80' lang='lat' dir='ltr'><strong>excommunicata</strong></span> <span class='ocrx_word' id='word_1_75' title='bbox 1794 1385 1867 1428; x_wconf 83' lang='grc'><strong>110</strong></span> <span class='ocrx_word' id='word_1_76' title='bbox 1910 1370 2302 1450; x_wconf 86' lang='lat' dir='ltr'><strong>denunciata,</strong></span> <span class='ocrx_word' id='word_1_77' title='bbox 2356 1395 2461 1434; x_wconf 85' lang='lat' dir='ltr'><strong>seu</strong></span> <span class='ocrx_word' id='word_1_78' title='bbox 2492 1376 2561 1436; x_wconf 85' lang='lat' dir='ltr'><strong>in</strong></span> 
     </span>
     <span class='ocr_line' id='line_1_11' title="bbox 307 1469 2561 1560; baseline 0.001 -22"><span class='ocrx_word' id='word_1_79' title='bbox 307 1475 583 1538; x_wconf 79' lang='lat' dir='ltr'><strong>Ecclesia</strong></span> <span class='ocrx_word' id='word_1_80' title='bbox 616 1475 884 1556; x_wconf 85' lang='lat' dir='ltr'><strong>publica,</strong></span> <span class='ocrx_word' id='word_1_81' title='bbox 937 1482 1046 1532; x_wconf 81' lang='lat' dir='ltr'><strong>ant</strong></span> <span class='ocrx_word' id='word_1_82' title='bbox 1080 1471 1351 1548; x_wconf 85' lang='lat' dir='ltr'>Domini,</span> <span class='ocrx_word' id='word_1_83' title='bbox 1411 1489 1521 1528; x_wconf 89' lang='lat' dir='ltr'><strong>seu</strong></span> <span class='ocrx_word' id='word_1_84' title='bbox 1547 1469 1867 1548; x_wconf 79' lang='lat' dir='ltr'><strong>Rectores,</strong></span> <span class='ocrx_word' id='word_1_85' title='bbox 1924 1473 2023 1532; x_wconf 83' lang='lat' dir='ltr'><strong>vel</strong></span> <span class='ocrx_word' id='word_1_86' title='bbox 2053 1471 2175 1533; x_wconf 80' lang='lat' dir='ltr'><strong>Off</strong></span> <span class='ocrx_word' id='word_1_87' title='bbox 2180 1475 2359 1537; x_wconf 80' lang='lat' dir='ltr'><strong>males</strong></span> <span class='ocrx_word' id='word_1_88' title='bbox 2397 1478 2561 1560; x_wconf 88' lang='lat' dir='ltr'><strong>ipso-</strong></span> 
     </span>
    </p>

    <p class='ocr_par' dir='ltr' id='par_1_5' title="bbox 307 1519 2592 2068">
     <span class='ocr_line' id='line_1_12' title="bbox 309 1519 2561 1660; baseline 0 -23"><span class='ocrx_word' id='word_1_89' title='bbox 309 1597 452 1640; x_wconf 80' lang='lat' dir='ltr'><strong>rum</strong></span> <span class='ocrx_word' id='word_1_90' title='bbox 486 1567 793 1656; x_wconf 84' lang='lat' dir='ltr'><strong>locorum,</strong></span> <span class='ocrx_word' id='word_1_91' title='bbox 851 1577 1210 1636; x_wconf 80' lang='lat' dir='ltr'><strong>auctoritate</strong></span> <span class='ocrx_word' id='word_1_92' title='bbox 1259 1572 1474 1632; x_wconf 85' lang='lat' dir='ltr'><strong>iudicis</strong></span> <span class='ocrx_word' id='word_1_93' title='bbox 1522 1573 1795 1650; x_wconf 70' lang='lat' dir='ltr'><strong>requisiti</strong></span> <span class='ocrx_word' id='word_1_94' title='bbox 1844 1519 2193 1636; x_wconf 76' lang='grc' dir='ltr'>1101111111οᾶ1</span> <span class='ocrx_word' id='word_1_95' title='bbox 2241 1599 2561 1660; x_wconf 81' lang='lat' dir='ltr'><strong>personam</strong></span> 
     </span>
     <span class='ocr_line' id='line_1_13' title="bbox 307 1673 2592 1757; baseline -0.001 -16.998"><span class='ocrx_word' id='word_1_96' title='bbox 307 1680 895 1740; x_wconf 78' lang='lat' dir='ltr'><strong>&#39;excommunicatam</strong></span> <span class='ocrx_word' id='word_1_97' title='bbox 951 1679 1112 1740; x_wconf 79' lang='lat' dir='ltr'><strong>infra</strong></span> <span class='ocrx_word' id='word_1_98' title='bbox 1157 1676 1406 1736; x_wconf 85' lang='lat' dir='ltr'><strong>biduum</strong></span> <span class='ocrx_word' id='word_1_99' title='bbox 1447 1673 1591 1734; x_wconf 83' lang='lat' dir='ltr'><strong>inde</strong></span> <span class='ocrx_word' id='word_1_100' title='bbox 1634 1693 1774 1734; x_wconf 85' lang='lat' dir='ltr'><strong>cum</strong></span> <span class='ocrx_word' id='word_1_101' title='bbox 1814 1673 2032 1735; x_wconf 84' lang='lat' dir='ltr'><strong>effectu</strong></span> <span class='ocrx_word' id='word_1_102' title='bbox 2082 1699 2207 1738; x_wconf 91' lang='grc'>1100</span> <span class='ocrx_word' id='word_1_103' title='bbox 2252 1681 2592 1757; x_wconf 81' lang='lat' dir='ltr'><strong>eiecerint,·-</strong></span> 
     </span>
     <span class='ocr_line' id='line_1_14' title="bbox 311 1775 2557 1864; baseline 0.002 -24"><span class='ocrx_word' id='word_1_104' title='bbox 311 1789 419 1840; x_wconf 77' lang='lat' dir='ltr'><strong>aut</strong></span> <span class='ocrx_word' id='word_1_105' title='bbox 442 1781 518 1841; x_wconf 85' lang='lat' dir='ltr'><strong>ad</strong></span> <span class='ocrx_word' id='word_1_106' title='bbox 551 1781 1040 1842; x_wconf 81' lang='lat' dir='ltr'><strong>satisfaciendum</strong></span> <span class='ocrx_word' id='word_1_107' title='bbox 1069 1775 1509 1860; x_wconf 82' lang='lat' dir='ltr'><strong>compulerint,</strong></span> <span class='ocrx_word' id='word_1_108' title='bbox 1564 1794 1683 1854; x_wconf 81' lang='lat' dir='ltr'><strong>qua</strong></span> <span class='ocrx_word' id='word_1_109' title='bbox 1714 1776 1891 1836; x_wconf 83' lang='lat' dir='ltr'><strong>etiam</strong></span> <span class='ocrx_word' id='word_1_110' title='bbox 1917 1789 2053 1858; x_wconf 88' lang='lat' dir='ltr'><strong>post</strong></span> <span class='ocrx_word' id='word_1_111' title='bbox 2073 1780 2322 1842; x_wconf 88' lang='lat' dir='ltr'><strong>biduum</strong></span> <span class='ocrx_word' id='word_1_112' title='bbox 2350 1785 2557 1864; x_wconf 85' lang='lat' dir='ltr'><strong>eiecta,</strong></span> 
     </span>
     <span class='ocr_line' id='line_1_15' title="bbox 307 1877 2557 1968; baseline 0.002 -24"><span class='ocrx_word' id='word_1_113' title='bbox 307 1883 628 1944; x_wconf 80' lang='lat' dir='ltr'>recedente</span> <span class='ocrx_word' id='word_1_114' title='bbox 685 1885 786 1945; x_wconf 80' lang='lat' dir='ltr'><strong>vel</strong></span> <span class='ocrx_word' id='word_1_115' title='bbox 837 1881 1268 1956; x_wconf 73' lang='lat' dir='ltr'><strong>satisfaciente,</strong></span> <span class='ocrx_word' id='word_1_116' title='bbox 1337 1897 1486 1938; x_wconf 84' lang='lat' dir='ltr'><strong>mox</strong></span> <span class='ocrx_word' id='word_1_117' title='bbox 1540 1877 1747 1937; x_wconf 75' lang='lat' dir='ltr'><strong>divina</strong></span> <span class='ocrx_word' id='word_1_118' title='bbox 1790 1881 2015 1940; x_wconf 78' lang='lat' dir='ltr'><strong>resumi</strong></span> <span class='ocrx_word' id='word_1_119' title='bbox 2054 1883 2323 1964; x_wconf 75' lang='lat' dir='ltr'><strong>possint,</strong></span> <span class='ocrx_word' id='word_1_120' title='bbox 2392 1889 2557 1968; x_wconf 84' lang='lat' dir='ltr'><strong>quod</strong></span> 
     </span>
     <span class='ocr_line' id='line_1_16' title="bbox 309 1975 1924 2068; baseline -0.003 -22"><span class='ocrx_word' id='word_1_121' title='bbox 309 1985 494 2046; x_wconf 79' lang='grc'>01111111</span> <span class='ocrx_word' id='word_1_122' title='bbox 521 1987 588 2046; x_wconf 88' lang='grc'><strong>111</strong></span> <span class='ocrx_word' id='word_1_123' title='bbox 611 1975 1009 2068; x_wconf 75' lang='lat' dir='ltr'><strong>pendentibus</strong></span> <span class='ocrx_word' id='word_1_124' title='bbox 1037 1986 1240 2045; x_wconf 85' lang='lat' dir='ltr'><strong>locum</strong></span> <span class='ocrx_word' id='word_1_125' title='bbox 1271 1981 1492 2042; x_wconf 82' lang='lat' dir='ltr'><strong>habere</strong></span> <span class='ocrx_word' id='word_1_126' title='bbox 1530 1980 1924 2044; x_wconf 84' lang='lat' dir='ltr'><strong>decernimus.</strong></span> 
     </span>
    </p>

    <p class='ocr_par' dir='ltr' id='par_1_6' title="bbox 233 2083 2657 4123">
     <span class='ocr_line' id='line_1_17' title="bbox 471 2083 2557 2170; baseline 0.003 -22"><span class='ocrx_word' id='word_1_127' title='bbox 471 2087 538 2170; x_wconf 68' lang='lat'><strong>§-</strong></span> <span class='ocrx_word' id='word_1_128' title='bbox 569 2091 669 2156; x_wconf 84' lang='grc'><strong>18.</strong></span> <span class='ocrx_word' id='word_1_129' title='bbox 713 2091 813 2148; x_wconf 82' lang='lat' dir='ltr'><strong>De</strong></span> <span class='ocrx_word' id='word_1_130' title='bbox 855 2087 1316 2148; x_wconf 73' lang='lat' dir='ltr'><strong>sublatione</strong></span> <span class='ocrx_word' id='word_1_131' title='bbox 1347 2083 1885 2146; x_wconf 76' lang='lat' dir='ltr'><strong>clementinae</strong></span> <span class='ocrx_word' id='word_1_132' title='bbox 1926 2083 2232 2153; x_wconf 82' lang='lat' dir='ltr'><strong>literae.</strong></span> <span class='ocrx_word' id='word_1_133' title='bbox 2276 2091 2401 2151; x_wconf 87' lang='lat' dir='ltr'><strong>Nec</strong></span> <span class='ocrx_word' id='word_1_134' title='bbox 2431 2115 2557 2155; x_wconf 90' lang='grc'>0011</span> 
     </span>
     <span class='ocr_line' id='line_1_18' title="bbox 315 2185 2613 2280; baseline 0.003 -30"><span class='ocrx_word' id='word_1_135' title='bbox 315 2189 840 2274; x_wconf 81' lang='lat' dir='ltr'><strong>Constitutionem.‚</strong></span> <span class='ocrx_word' id='word_1_136' title='bbox 887 2190 962 2250; x_wconf 90' lang='lat' dir='ltr'><strong>de</strong></span> <span class='ocrx_word' id='word_1_137' title='bbox 983 2188 1310 2249; x_wconf 85' lang='lat' dir='ltr'><strong>eorundem</strong></span> <span class='ocrx_word' id='word_1_138' title='bbox 1339 2185 1621 2246; x_wconf 72' lang='lat' dir='ltr'><strong>Fratrum</strong></span> <span class='ocrx_word' id='word_1_139' title='bbox 1652 2187 2006 2260; x_wconf 74' lang='lat' dir='ltr'><strong>Nostrorum</strong></span> <span class='ocrx_word' id='word_1_140' title='bbox 2032 2192 2287 2252; x_wconf 88' lang='lat' dir='ltr'><strong>consilio</strong></span> <span class='ocrx_word' id='word_1_141' title='bbox 2313 2194 2553 2280; x_wconf 82' lang='lat' dir='ltr'><strong>editam,</strong></span> <span class='ocrx_word' id='word_1_142' title='bbox 2602 2213 2613 2224; x_wconf 85' lang='lat'><strong>··</strong></span> 
     </span>
     <span class='ocr_line' id='line_1_19' title="bbox 315 2249 2557 2378; baseline 0.003 -25"><span class='ocrx_word' id='word_1_143' title='bbox 315 2312 466 2374; x_wconf 77' lang='lat' dir='ltr'><strong>quae</strong></span> <span class='ocrx_word' id='word_1_144' title='bbox 483 2313 622 2352; x_wconf 87' lang='lat' dir='ltr'><strong>cum</strong></span> <span class='ocrx_word' id='word_1_145' title='bbox 647 2292 909 2354; x_wconf 77' lang='lat' dir='ltr'><strong>irritanti</strong></span> <span class='ocrx_word' id='word_1_146' title='bbox 925 2295 1172 2352; x_wconf 83' lang='lat' dir='ltr'><strong>Decreto</strong></span> <span class='ocrx_word' id='word_1_147' title='bbox 1189 2289 1509 2378; x_wconf 84' lang='lat' dir='ltr'><strong>statuimus</strong></span> <span class='ocrx_word' id='word_1_148' title='bbox 1526 2279 1900 2350; x_wconf 67' lang='lat' dir='ltr'><strong>decernimus</strong></span> <span class='ocrx_word' id='word_1_149' title='bbox 1920 2301 1982 2350; x_wconf 90' lang='lat' dir='ltr'><strong>et</strong></span> <span class='ocrx_word' id='word_1_150' title='bbox 1999 2295 2367 2373; x_wconf 84' lang='lat' dir='ltr'><strong>ordinamus,</strong></span> <span class='ocrx_word' id='word_1_151' title='bbox 2392 2249 2557 2378; x_wconf 67' lang='lat' dir='ltr'><strong>quod</strong></span> 
     </span>
     <span class='ocr_line' id='line_1_20' title="bbox 303 2369 2556 2480; baseline 0.003 -24"><span class='ocrx_word' id='word_1_152' title='bbox 303 2415 392 2456; x_wconf 71' lang='lat' dir='ltr'><strong>ex</strong></span> <span class='ocrx_word' id='word_1_153' title='bbox 417 2405 572 2455; x_wconf 77' lang='lat' dir='ltr'><strong>tunc</strong></span> <span class='ocrx_word' id='word_1_154' title='bbox 605 2405 838 2456; x_wconf 83' lang='lat' dir='ltr'><strong>caetero</strong></span> <span class='ocrx_word' id='word_1_155' title='bbox 863 2394 1167 2474; x_wconf 85' lang='lat' dir='ltr'><strong>perpetuis</strong></span> <span class='ocrx_word' id='word_1_156' title='bbox 1195 2369 1410 2452; x_wconf 83' lang='lat' dir='ltr'><strong>futuris</strong></span> <span class='ocrx_word' id='word_1_157' title='bbox 1439 2389 1807 2470; x_wconf 82' lang='lat' dir='ltr'><strong>temporibus</strong></span> <span class='ocrx_word' id='word_1_158' title='bbox 1838 2392 1912 2452; x_wconf 87' lang='lat' dir='ltr'><strong>de</strong></span> <span class='ocrx_word' id='word_1_159' title='bbox 1953 2397 2221 2457; x_wconf 84' lang='lat' dir='ltr'><strong>cessione</strong></span> <span class='ocrx_word' id='word_1_160' title='bbox 2248 2402 2556 2480; x_wconf 81' lang='lat' dir='ltr'><strong>regiminis</strong></span> 
     </span>
     <span class='ocr_line' id='line_1_21' title="bbox 313 2494 2550 2584; baseline 0.002 -25"><span class='ocrx_word' id='word_1_161' title='bbox 313 2508 392 2559; x_wconf 87' lang='lat' dir='ltr'><strong>et·</strong></span> <span class='ocrx_word' id='word_1_162' title='bbox 418 2498 948 2559; x_wconf 80' lang='lat' dir='ltr'><strong>administrationis</strong></span> <span class='ocrx_word' id='word_1_163' title='bbox 983 2494 1386 2557; x_wconf 84' lang='lat' dir='ltr'><strong>Ecclesiarum</strong></span> <span class='ocrx_word' id='word_1_164' title='bbox 1427 2502 1487 2553; x_wconf 88' lang='lat' dir='ltr'><strong>et</strong></span> <span class='ocrx_word' id='word_1_165' title='bbox 1513 2494 2044 2583; x_wconf 80' lang='lat' dir='ltr'><strong>Monasteriomm,</strong></span> <span class='ocrx_word' id='word_1_166' title='bbox 2098 2500 2261 2560; x_wconf 69' lang='lat' dir='ltr'><strong>facta</strong></span> <span class='ocrx_word' id='word_1_167' title='bbox 2300 2522 2409 2583; x_wconf 87' lang='lat' dir='ltr'><strong>per</strong></span> <span class='ocrx_word' id='word_1_168' title='bbox 2429 2524 2550 2584; x_wconf 88' lang='lat' dir='ltr'><strong>eos,</strong></span> 
     </span>
     <span class='ocr_line' id='line_1_22' title="bbox 313 2597 2551 2682; baseline 0.003 -21"><span class='ocrx_word' id='word_1_169' title='bbox 313 2602 418 2682; x_wconf 84' lang='lat' dir='ltr'><strong>qui</strong></span> <span class='ocrx_word' id='word_1_170' title='bbox 445 2602 726 2661; x_wconf 86' lang='lat' dir='ltr'><strong>Ecclesiis</strong></span> <span class='ocrx_word' id='word_1_171' title='bbox 760 2610 820 2660; x_wconf 89' lang='lat' dir='ltr'><strong>et</strong></span> <span class='ocrx_word' id='word_1_172' title='bbox 843 2598 1218 2660; x_wconf 71' lang='lat' dir='ltr'><strong>monasteriis</strong></span> <span class='ocrx_word' id='word_1_173' title='bbox 1240 2597 1389 2678; x_wconf 87' lang='lat' dir='ltr'><strong>ipsis</strong></span> <span class='ocrx_word' id='word_1_174' title='bbox 1422 2606 1769 2676; x_wconf 72' lang='lat' dir='ltr'><strong>praeerant,</strong></span> <span class='ocrx_word' id='word_1_175' title='bbox 1828 2616 1933 2657; x_wconf 85' lang='lat' dir='ltr'><strong>seu</strong></span> <span class='ocrx_word' id='word_1_176' title='bbox 1965 2598 2131 2661; x_wconf 85' lang='lat' dir='ltr'><strong>illam</strong></span> <span class='ocrx_word' id='word_1_177' title='bbox 2153 2604 2551 2667; x_wconf 75' lang='lat' dir='ltr'><strong>administra-</strong></span> 
     </span>
     <span class='ocr_line' id='line_1_23' title="bbox 309 2698 2553 2789; baseline -0.001 -27"><span class='ocrx_word' id='word_1_178' title='bbox 309 2704 570 2781; x_wconf 78' lang='lat' dir='ltr'><strong>tionem,</strong></span> <span class='ocrx_word' id='word_1_179' title='bbox 637 2724 740 2765; x_wconf 90' lang='lat' dir='ltr'><strong>seu</strong></span> <span class='ocrx_word' id='word_1_180' title='bbox 771 2702 1219 2778; x_wconf 69' lang='lat' dir='ltr'><strong>commendam,</strong></span> <span class='ocrx_word' id='word_1_181' title='bbox 1279 2708 1385 2759; x_wconf 88' lang='lat' dir='ltr'><strong>aut</strong></span> <span class='ocrx_word' id='word_1_182' title='bbox 1419 2708 1493 2757; x_wconf 88' lang='lat' dir='ltr'><strong>ut</strong></span> <span class='ocrx_word' id='word_1_183' title='bbox 1520 2698 1665 2757; x_wconf 83' lang='lat' dir='ltr'><strong>alias</strong></span> <span class='ocrx_word' id='word_1_184' title='bbox 1702 2698 2083 2780; x_wconf 81' lang='lat' dir='ltr'><strong>obtinebant,</strong></span> <span class='ocrx_word' id='word_1_185' title='bbox 2140 2716 2245 2767; x_wconf 83' lang='lat' dir='ltr'><strong>aut</strong></span> <span class='ocrx_word' id='word_1_186' title='bbox 2278 2710 2553 2789; x_wconf 74' lang='lat' dir='ltr'><strong>resigna..</strong></span> 
     </span>
     <span class='ocr_line' id='line_1_24' title="bbox 309 2800 2553 2886; baseline 0.004 -21"><span class='ocrx_word' id='word_1_187' title='bbox 309 2806 476 2865; x_wconf 90' lang='lat' dir='ltr'><strong>tione</strong></span> <span class='ocrx_word' id='word_1_188' title='bbox 519 2806 776 2865; x_wconf 75' lang='lat' dir='ltr'><strong>aliorum</strong></span> <span class='ocrx_word' id='word_1_189' title='bbox 818 2822 1311 2883; x_wconf 86' lang='lat' dir='ltr'><strong>quorumcunque</strong></span> <span class='ocrx_word' id='word_1_190' title='bbox 1343 2800 1775 2861; x_wconf 82' lang='lat' dir='ltr'><strong>Beneficiorum</strong></span> <span class='ocrx_word' id='word_1_191' title='bbox 1828 2804 2404 2886; x_wconf 80' lang='lat' dir='ltr'><strong>ecclesiasticorum,</strong></span> <span class='ocrx_word' id='word_1_192' title='bbox 2448 2834 2553 2876; x_wconf 89' lang='lat' dir='ltr'><strong>seu</strong></span> 
     </span>
     <span class='ocr_line' id='line_1_25' title="bbox 311 2902 2553 2995; baseline 0.002 -26"><span class='ocrx_word' id='word_1_193' title='bbox 311 2908 576 2969; x_wconf 85' lang='lat' dir='ltr'><strong>cessione</strong></span> <span class='ocrx_word' id='word_1_194' title='bbox 593 2908 744 2967; x_wconf 72' lang='grc'>111111</span> <span class='ocrx_word' id='word_1_195' title='bbox 771 2902 835 2966; x_wconf 90' lang='lat' dir='ltr'><strong>in</strong></span> <span class='ocrx_word' id='word_1_196' title='bbox 865 2906 978 2981; x_wconf 88' lang='lat' dir='ltr'><strong>eis,</strong></span> <span class='ocrx_word' id='word_1_197' title='bbox 1021 2905 1122 2965; x_wconf 84' lang='lat' dir='ltr'><strong>vel</strong></span> <span class='ocrx_word' id='word_1_198' title='bbox 1149 2906 1226 2963; x_wconf 84' lang='lat' dir='ltr'><strong>ad</strong></span> <span class='ocrx_word' id='word_1_199' title='bbox 1252 2924 1316 2963; x_wconf 79' lang='lat' dir='ltr'><strong>ea</strong></span> <span class='ocrx_word' id='word_1_200' title='bbox 1343 2904 1797 2983; x_wconf 85' lang='lat' dir='ltr'><strong>quomodolibet</strong></span> <span class='ocrx_word' id='word_1_201' title='bbox 1822 2910 2246 2988; x_wconf 83' lang='lat' dir='ltr'><strong>competentis,</strong></span> <span class='ocrx_word' id='word_1_202' title='bbox 2287 2910 2393 2972; x_wconf 86' lang='lat' dir='ltr'><strong>au&#39;t</strong></span> <span class='ocrx_word' id='word_1_203' title='bbox 2420 2916 2553 2995; x_wconf 86' lang='lat' dir='ltr'><strong>pri-</strong></span> 
     </span>
     <span class='ocr_line' id='line_1_26' title="bbox 233 3007 2551 3093; baseline 0.003 -22"><span class='ocrx_word' id='word_1_204' title='bbox 233 3072 242 3081; x_wconf 71' lang='lat'><strong>,</strong></span> <span class='ocrx_word' id='word_1_205' title='bbox 307 3011 600 3085; x_wconf 78' lang='lat' dir='ltr'><strong>vationis,</strong></span> <span class='ocrx_word' id='word_1_206' title='bbox 643 3010 744 3071; x_wconf 74' lang='lat' dir='ltr'><strong>vel</strong></span> <span class='ocrx_word' id='word_1_207' title='bbox 787 3007 1224 3089; x_wconf 66' lang='lat' dir='ltr'><strong>suspensionis,</strong></span> <span class='ocrx_word' id='word_1_208' title='bbox 1287 3016 1392 3066; x_wconf 88' lang='lat' dir='ltr'><strong>aut</strong></span> <span class='ocrx_word' id='word_1_209' title='bbox 1422 3014 1825 3069; x_wconf 66' lang='lat' dir='ltr'><strong>*censurarum</strong></span> <span class='ocrx_word' id='word_1_210' title='bbox 1861 3010 2314 3093; x_wconf 79' lang='lat' dir='ltr'><strong>fulminatione,</strong></span> <span class='ocrx_word' id='word_1_211' title='bbox 2372 3017 2551 3077; x_wconf 85' lang='lat' dir='ltr'><strong>etiam</strong></span> 
     </span>
     <span class='ocr_line' id='line_1_27' title="bbox 305 3108 2551 3200; baseline 0.003 -27"><span class='ocrx_word' id='word_1_212' title='bbox 305 3114 374 3173; x_wconf 85' lang='lat' dir='ltr'><strong>in</strong></span> <span class='ocrx_word' id='word_1_213' title='bbox 399 3113 594 3173; x_wconf 87' lang='lat' dir='ltr'><strong>literis</strong></span> <span class='ocrx_word' id='word_1_214' title='bbox 615 3112 1020 3193; x_wconf 78' lang='lat' dir='ltr'><strong>Apostolicis,</strong></span> <span class='ocrx_word' id='word_1_215' title='bbox 1056 3133 1089 3169; x_wconf 89' lang='lat' dir='ltr'><strong>a</strong></span> <span class='ocrx_word' id='word_1_216' title='bbox 1118 3109 1302 3169; x_wconf 85' lang='lat' dir='ltr'><strong>Nobis</strong></span> <span class='ocrx_word' id='word_1_217' title='bbox 1337 3120 1397 3169; x_wconf 90' lang='lat' dir='ltr'><strong>et</strong></span> <span class='ocrx_word' id='word_1_218' title='bbox 1427 3108 1579 3169; x_wconf 88' lang='lat' dir='ltr'><strong>Sede</strong></span> <span class='ocrx_word' id='word_1_219' title='bbox 1609 3112 1957 3191; x_wconf 84' lang='lat' dir='ltr'><strong>Apostolica</strong></span> <span class='ocrx_word' id='word_1_220' title='bbox 1996 3114 2173 3174; x_wconf 85' lang='lat' dir='ltr'><strong>etiam</strong></span> <span class='ocrx_word' id='word_1_221' title='bbox 2200 3127 2370 3177; x_wconf 86' lang='lat' dir='ltr'><strong>motu</strong></span> <span class='ocrx_word' id='word_1_222' title='bbox 2398 3140 2551 3200; x_wconf 88' lang='lat' dir='ltr'><strong>pro-</strong></span> 
     </span>
     <span class='ocr_line' id='line_1_28' title="bbox 305 3212 2601 3310; baseline 0.003 -34"><span class='ocrx_word' id='word_1_223' title='bbox 305 3216 444 3310; x_wconf 81' lang='lat' dir='ltr'><strong>prio</strong></span> <span class='ocrx_word' id='word_1_224' title='bbox 485 3236 597 3297; x_wconf 86' lang='lat' dir='ltr'><strong>pro</strong></span> <span class='ocrx_word' id='word_1_225' title='bbox 635 3224 908 3296; x_wconf 85' lang='lat' dir='ltr'><strong>tempore</strong></span> <span class='ocrx_word' id='word_1_226' title='bbox 953 3214 1268 3290; x_wconf 71' lang='lat' dir='ltr'><strong>emanaiis,</strong></span> <span class='ocrx_word' id='word_1_227' title='bbox 1326 3232 1477 3293; x_wconf 86' lang='lat' dir='ltr'><strong>quae</strong></span> <span class='ocrx_word' id='word_1_228' title='bbox 1514 3213 1590 3271; x_wconf 67' lang='lat' dir='ltr'><strong>in</strong></span> <span class='ocrx_word' id='word_1_229' title='bbox 1636 3214 1906 3275; x_wconf 88' lang='lat' dir='ltr'><strong>manibus</strong></span> <span class='ocrx_word' id='word_1_230' title='bbox 1942 3218 2197 3277; x_wconf 86' lang='lat' dir='ltr'><strong>Romani</strong></span> <span class='ocrx_word' id='word_1_231' title='bbox 2238 3218 2548 3282; x_wconf 87' lang='lat' dir='ltr'><strong>Pontificis</strong></span> <span class='ocrx_word' id='word_1_232' title='bbox 2596 3212 2601 3219; x_wconf 45' lang='lat'><em>⁶</em></span> 
     </span>
     <span class='ocr_line' id='line_1_29' title="bbox 306 3316 2549 3407; baseline 0.001 -28"><span class='ocrx_word' id='word_1_233' title='bbox 306 3322 502 3381; x_wconf 75' lang='lat' dir='ltr'><strong>factae</strong></span> <span class='ocrx_word' id='word_1_234' title='bbox 529 3318 846 3400; x_wconf 85' lang='lat' dir='ltr'><strong>dicuntur,</strong></span> <span class='ocrx_word' id='word_1_235' title='bbox 892 3318 1220 3393; x_wconf 81' lang='lat' dir='ltr'><strong>contentis3</strong></span> <span class='ocrx_word' id='word_1_236' title='bbox 1266 3316 1497 3407; x_wconf 79' lang='lat' dir='ltr'><strong>etiamsi</strong></span> <span class='ocrx_word' id='word_1_237' title='bbox 1534 3336 1714 3397; x_wconf 84' lang='lat' dir='ltr'><strong>super</strong></span> <span class='ocrx_word' id='word_1_238' title='bbox 1742 3317 1865 3376; x_wconf 88' lang='lat' dir='ltr'><strong>illis</strong></span> <span class='ocrx_word' id='word_1_239' title='bbox 1895 3320 2153 3380; x_wconf 83' lang='lat' dir='ltr'><strong>narratis</strong></span> <span class='ocrx_word' id='word_1_240' title='bbox 2186 3322 2549 3383; x_wconf 84' lang='lat' dir='ltr'><strong>fundaretur</strong></span> 
     </span>
     <span class='ocr_line' id='line_1_30' title="bbox 299 3406 2641 3501; baseline 0.001 -19"><span class='ocrx_word' id='word_1_241' title='bbox 299 3420 598 3501; x_wconf 73' lang='lat' dir='ltr'><strong>intentio,</strong></span> <span class='ocrx_word' id='word_1_242' title='bbox 643 3430 918 3481; x_wconf 78' lang='lat' dir='ltr'><strong>constare</strong></span> <span class='ocrx_word' id='word_1_243' title='bbox 948 3429 1010 3480; x_wconf 87' lang='lat' dir='ltr'><strong>et</strong></span> <span class='ocrx_word' id='word_1_244' title='bbox 1039 3440 1329 3501; x_wconf 86' lang='lat' dir='ltr'><strong>apparere</strong></span> <span class='ocrx_word' id='word_1_245' title='bbox 1355 3412 1597 3479; x_wconf 80' lang='lat' dir='ltr'><strong>deberet</strong></span> <span class='ocrx_word' id='word_1_246' title='bbox 1622 3440 1730 3500; x_wconf 91' lang='lat' dir='ltr'><strong>per</strong></span> <span class='ocrx_word' id='word_1_247' title='bbox 1755 3406 1994 3499; x_wconf 81' lang='lat' dir='ltr'><strong>publica</strong></span> <span class='ocrx_word' id='word_1_248' title='bbox 2020 3414 2415 3481; x_wconf 66' lang='lat' dir='ltr'><strong>instrumenta</strong></span> <span class='ocrx_word' id='word_1_249' title='bbox 2448 3424 2549 3485; x_wconf 83' lang='lat' dir='ltr'><strong>vel</strong></span> <span class='ocrx_word' id='word_1_250' title='bbox 2638 3435 2641 3446; x_wconf 93' lang='lat'>&#39;</span> 
     </span>
     <span class='ocr_line' id='line_1_31' title="bbox 308 3520 2548 3604; baseline 0 -19"><span class='ocrx_word' id='word_1_251' title='bbox 308 3525 666 3585; x_wconf 74' lang='lat' dir='ltr'><strong>documenta</strong></span> <span class='ocrx_word' id='word_1_252' title='bbox 701 3522 1085 3603; x_wconf 86' lang='lat' dir='ltr'><strong>authentica,</strong></span> <span class='ocrx_word' id='word_1_253' title='bbox 1127 3520 1391 3601; x_wconf 86' lang='lat' dir='ltr'><strong>alioquin</strong></span> <span class='ocrx_word' id='word_1_254' title='bbox 1425 3530 1550 3580; x_wconf 85' lang='lat' dir='ltr'><strong>tam</strong></span> <span class='ocrx_word' id='word_1_255' title='bbox 1578 3522 1645 3581; x_wconf 88' lang='lat' dir='ltr'><strong>in</strong></span> <span class='ocrx_word' id='word_1_256' title='bbox 1680 3521 1940 3598; x_wconf 90' lang='lat' dir='ltr'><strong>iudicio,</strong></span> <span class='ocrx_word' id='word_1_257' title='bbox 1989 3544 2167 3604; x_wconf 84' lang='lat' dir='ltr'><strong>quam</strong></span> <span class='ocrx_word' id='word_1_258' title='bbox 2195 3533 2363 3582; x_wconf 83' lang='lat' dir='ltr'><strong>extra</strong></span> <span class='ocrx_word' id='word_1_259' title='bbox 2391 3524 2548 3585; x_wconf 89' lang='lat' dir='ltr'><strong>illud</strong></span> 
     </span>
     <span class='ocr_line' id='line_1_32' title="bbox 289 3621 2547 3705; baseline 0 -17"><span class='ocrx_word' id='word_1_260' title='bbox 289 3628 566 3689; x_wconf 78' lang='lat' dir='ltr'><strong>-narratis</strong></span> <span class='ocrx_word' id='word_1_261' title='bbox 595 3637 652 3686; x_wconf 88' lang='lat' dir='ltr'><strong>et</strong></span> <span class='ocrx_word' id='word_1_262' title='bbox 680 3624 1106 3687; x_wconf 79' lang='lat' dir='ltr'><strong>assertionibus</strong></span> <span class='ocrx_word' id='word_1_263' title='bbox 1145 3621 1495 3684; x_wconf 75' lang='lat' dir='ltr'><strong>huiusmodi</strong></span> <span class='ocrx_word' id='word_1_264' title='bbox 1529 3626 1593 3683; x_wconf 88' lang='lat' dir='ltr'><strong>in</strong></span> <span class='ocrx_word' id='word_1_265' title='bbox 1625 3622 2059 3705; x_wconf 84' lang='lat' dir='ltr'><strong>praeiudicium</strong></span> <span class='ocrx_word' id='word_1_266' title='bbox 2101 3625 2267 3685; x_wconf 87' lang='lat' dir='ltr'><strong>tertii</strong></span> <span class='ocrx_word' id='word_1_267' title='bbox 2300 3627 2547 3689; x_wconf 90' lang='lat' dir='ltr'><strong>minime</strong></span> 
     </span>
     <span class='ocr_line' id='line_1_33' title="bbox 303 3726 2547 3811; baseline 0 -21"><span class='ocrx_word' id='word_1_268' title='bbox 303 3730 453 3791; x_wconf 84' lang='lat' dir='ltr'><strong>stari</strong></span> <span class='ocrx_word' id='word_1_269' title='bbox 481 3750 592 3789; x_wconf 87' lang='grc'>1100</span> <span class='ocrx_word' id='word_1_270' title='bbox 621 3729 844 3789; x_wconf 82' lang='lat' dir='ltr'><strong>exiliis</strong></span> <span class='ocrx_word' id='word_1_271' title='bbox 875 3728 1122 3809; x_wconf 81' lang='lat' dir='ltr'><strong>aliquod</strong></span> <span class='ocrx_word' id='word_1_272' title='bbox 1153 3728 1587 3811; x_wconf 83' lang='lat' dir='ltr'><strong>praeiudicium</strong></span> <span class='ocrx_word' id='word_1_273' title='bbox 1618 3726 1819 3797; x_wconf 80' lang='lat' dir='ltr'><strong>efferri</strong></span> <span class='ocrx_word' id='word_1_274' title='bbox 1865 3726 2107 3785; x_wconf 87' lang='lat' dir='ltr'><strong>deberet</strong></span> <span class='ocrx_word' id='word_1_275' title='bbox 2145 3726 2259 3787; x_wconf 85' lang='lat' dir='ltr'><strong>nisi</strong></span> <span class='ocrx_word' id='word_1_276' title='bbox 2302 3728 2378 3789; x_wconf 79' lang='lat' dir='ltr'><strong>de</strong></span> <span class='ocrx_word' id='word_1_277' title='bbox 2410 3728 2547 3790; x_wconf 85' lang='lat' dir='ltr'><strong>hu-</strong></span> 
     </span>
     <span class='ocr_line' id='line_1_34' title="bbox 304 3828 2544 3910; baseline 0.001 -19"><span class='ocrx_word' id='word_1_278' title='bbox 304 3832 568 3893; x_wconf 88' lang='lat' dir='ltr'><strong>iusmodi</strong></span> <span class='ocrx_word' id='word_1_279' title='bbox 595 3832 854 3893; x_wconf 81' lang='lat' dir='ltr'><strong>narratis</strong></span> <span class='ocrx_word' id='word_1_280' title='bbox 887 3841 946 3892; x_wconf 91' lang='lat' dir='ltr'><strong>et</strong></span> <span class='ocrx_word' id='word_1_281' title='bbox 986 3830 1345 3907; x_wconf 76' lang='lat' dir='ltr'><strong>assertione,</strong></span> <span class='ocrx_word' id='word_1_282' title='bbox 1403 3832 1580 3889; x_wconf 80' lang='lat' dir='ltr'><strong>etiam</strong></span> <span class='ocrx_word' id='word_1_283' title='bbox 1618 3830 1685 3889; x_wconf 91' lang='lat' dir='ltr'><strong>in</strong></span> <span class='ocrx_word' id='word_1_284' title='bbox 1726 3828 1913 3889; x_wconf 82' lang='lat' dir='ltr'><strong>literis</strong></span> <span class='ocrx_word' id='word_1_285' title='bbox 1952 3830 2318 3909; x_wconf 82' lang='lat' dir='ltr'><strong>Apostolicis</strong></span> <span class='ocrx_word' id='word_1_286' title='bbox 2364 3834 2544 3910; x_wconf 80' lang='lat' dir='ltr'><strong>sacta,</strong></span> 
     </span>
     <span class='ocr_line' id='line_1_35' title="bbox 301 3917 2657 4017; baseline 0 -23"><span class='ocrx_word' id='word_1_287' title='bbox 301 3934 493 3996; x_wconf 80' lang='lat' dir='ltr'><strong>altero</strong></span> <span class='ocrx_word' id='word_1_288' title='bbox 523 3954 597 3993; x_wconf 82' lang='lat' dir='ltr'><strong>ex</strong></span> <span class='ocrx_word' id='word_1_289' title='bbox 626 3934 964 4015; x_wconf 84' lang='lat' dir='ltr'><strong>praemissis</strong></span> <span class='ocrx_word' id='word_1_290' title='bbox 1001 3932 1212 3994; x_wconf 84' lang='lat' dir='ltr'><strong>mediis</strong></span> <span class='ocrx_word' id='word_1_291' title='bbox 1240 3932 1565 4008; x_wconf 60' lang='lat' dir='ltr'><strong>diceretur,</strong></span> <span class='ocrx_word' id='word_1_292' title='bbox 1622 3917 1980 3993; x_wconf 70' lang='lat' dir='ltr'><strong>innovamus</strong></span> <span class='ocrx_word' id='word_1_293' title='bbox 2008 3932 2297 4013; x_wconf 78' lang='lat' dir='ltr'><strong>illamque</strong></span> <span class='ocrx_word' id='word_1_294' title='bbox 2324 3956 2545 4017; x_wconf 89' lang='lat' dir='ltr'><strong>perpe-</strong></span> <span class='ocrx_word' id='word_1_295' title='bbox 2643 3942 2657 3952; x_wconf 78' lang='grc'><strong>“</strong></span> 
     </span>
     <span class='ocr_line' id='line_1_36' title="bbox 301 4018 2286 4123; baseline -0.001 -26"><span class='ocrx_word' id='word_1_296' title='bbox 301 4038 428 4098; x_wconf 82' lang='lat' dir='ltr'><strong>tuis</strong></span> <span class='ocrx_word' id='word_1_297' title='bbox 455 4038 680 4097; x_wconf 82' lang='lat' dir='ltr'><strong>futuris</strong></span> <span class='ocrx_word' id='word_1_298' title='bbox 706 4036 1078 4123; x_wconf 73' lang='lat' dir='ltr'><strong>temporibus</strong></span> <span class='ocrx_word' id='word_1_299' title='bbox 1109 4035 1547 4095; x_wconf 78' lang='lat' dir='ltr'><strong>inviolabiliter</strong></span> <span class='ocrx_word' id='word_1_300' title='bbox 1584 4034 1889 4095; x_wconf 84' lang='lat' dir='ltr'><strong>observari</strong></span> <span class='ocrx_word' id='word_1_301' title='bbox 1914 4018 2286 4095; x_wconf 78' lang='lat' dir='ltr'><strong>mandamus.</strong></span> 
     </span>
    </p>

    <p class='ocr_par' dir='ltr' id='par_1_7' title="bbox 300 4134 2606 4427">
     <span class='ocr_line' id='line_1_37' title="bbox 477 4134 2544 4222; baseline 0 -22"><span class='ocrx_word' id='word_1_302' title='bbox 477 4136 536 4222; x_wconf 82' lang='lat'><strong>§.</strong></span> <span class='ocrx_word' id='word_1_303' title='bbox 583 4140 684 4207; x_wconf 78' lang='lat'><strong>14.</strong></span> <span class='ocrx_word' id='word_1_304' title='bbox 769 4134 868 4201; x_wconf 81' lang='lat' dir='ltr'><strong>De</strong></span> <span class='ocrx_word' id='word_1_305' title='bbox 907 4140 1136 4201; x_wconf 79' lang='lat' dir='ltr'><strong>firma</strong></span> <span class='ocrx_word' id='word_1_306' title='bbox 1181 4147 1258 4199; x_wconf 86' lang='lat' dir='ltr'><strong>et</strong></span> <span class='ocrx_word' id='word_1_307' title='bbox 1295 4138 1810 4199; x_wconf 81' lang='lat' dir='ltr'><strong>irrevocabili</strong></span> <span class='ocrx_word' id='word_1_308' title='bbox 1858 4138 2544 4221; x_wconf 73' lang='lat' dir='ltr'><strong>¹Concor-datorum</strong></span> 
     </span>
     <span class='ocr_line' id='line_1_38' title="bbox 300 4240 2541 4324; baseline -0 -20"><span class='ocrx_word' id='word_1_309' title='bbox 300 4243 582 4304; x_wconf 75' lang='lat' dir='ltr'><strong>stabili</strong></span> <span class='ocrx_word' id='word_1_310' title='bbox 601 4252 779 4305; x_wconf 80' lang='lat' dir='ltr'><strong>tate.</strong></span> <span class='ocrx_word' id='word_1_311' title='bbox 879 4242 955 4303; x_wconf 80' lang='lat' dir='ltr'><strong>Et</strong></span> <span class='ocrx_word' id='word_1_312' title='bbox 1007 4242 1145 4323; x_wconf 85' lang='lat' dir='ltr'><strong>quia</strong></span> <span class='ocrx_word' id='word_1_313' title='bbox 1199 4242 1606 4323; x_wconf 67' lang='lat' dir='ltr'><strong>supradictam</strong></span> <span class='ocrx_word' id='word_1_314' title='bbox 1652 4240 2049 4300; x_wconf 80' lang='lat' dir='ltr'><strong>Concordiam</strong></span> <span class='ocrx_word' id='word_1_315' title='bbox 2090 4262 2227 4301; x_wconf 89' lang='lat' dir='ltr'><strong>cum</strong></span> <span class='ocrx_word' id='word_1_316' title='bbox 2269 4246 2541 4324; x_wconf 76' lang='lat' dir='ltr'><strong>praefato</strong></span> 
     </span>
     <span class='ocr_line' id='line_1_39' title="bbox 301 4326 2606 4427; baseline 0 -21"><span class='ocrx_word' id='word_1_317' title='bbox 301 4326 666 4425; x_wconf 63' lang='lat' dir='ltr'><strong>macies-o,</strong></span> <span class='ocrx_word' id='word_1_318' title='bbox 709 4346 900 4427; x_wconf 82' lang='lat' dir='ltr'><strong>Rege,</strong></span> <span class='ocrx_word' id='word_1_319' title='bbox 943 4345 1020 4406; x_wconf 90' lang='lat' dir='ltr'><strong>ob</strong></span> <span class='ocrx_word' id='word_1_320' title='bbox 1048 4344 1216 4407; x_wconf 86' lang='lat' dir='ltr'><strong>illius</strong></span> <span class='ocrx_word' id='word_1_321' title='bbox 1241 4344 1537 4406; x_wconf 85' lang='lat' dir='ltr'><strong>sinceram</strong></span> <span class='ocrx_word' id='word_1_322' title='bbox 1572 4343 1990 4422; x_wconf 83' lang='lat' dir='ltr'><strong>devotionem,</strong></span> <span class='ocrx_word' id='word_1_323' title='bbox 2008 4340 2021 4354; x_wconf 73' lang='grc'><em>“</em></span> <span class='ocrx_word' id='word_1_324' title='bbox 2048 4364 2229 4425; x_wconf 84' lang='lat' dir='ltr'><strong>quam</strong></span> <span class='ocrx_word' id='word_1_325' title='bbox 2260 4366 2397 4427; x_wconf 85' lang='lat' dir='ltr'><strong>erga</strong></span> <span class='ocrx_word' id='word_1_326' title='bbox 2422 4348 2545 4407; x_wconf 86' lang='lat' dir='ltr'><strong>Nos</strong></span> <span class='ocrx_word' id='word_1_327' title='bbox 2599 4337 2606 4344; x_wconf 47' lang='lat'><em>⁶</em></span> 
     </span>
    </p>

    <p class='ocr_par' dir='ltr' id='par_1_8' title="bbox 495 4448 2116 4514">
     <span class='ocr_line' id='line_1_40' title="bbox 495 4448 2116 4514; baseline 0.009 -45"><span class='ocrx_word' id='word_1_328' title='bbox 495 4460 500 4469; x_wconf 97' lang='lat'>.</span> <span class='ocrx_word' id='word_1_329' title='bbox 1954 4451 2037 4514; x_wconf 77' lang='lat'><strong>16</strong></span> <span class='ocrx_word' id='word_1_330' title='bbox 2080 4448 2116 4484; x_wconf 72' lang='lat' dir='ltr'><strong>a·</strong></span> 
     </span>
    </p>
   </div>
  </div>
 </body>
</html>
