2930 4963
2424 385 2513 452 03

249 545 532 610 ctione
607 549 1041 628 cassanda,
1101 571 1195 614 ex
1275 571 1424 634 qna
1488 550 1795 658 turbu-i
1876 561 2149 636 possut
2226 554 2511 618 Eccle-

246 873 618 930 Cardinalem
659 874 814 930 illius
843 875 1101 948 Ordinis,
1145 869 1224 929 de'
1257 891 1370 945 quo
1403 875 1503 929 ille'
1530 875 1826 931 defunctus
1860 889 1995 934 erat.
2080 879 2290 933 Visitet
2316 895 2427 950 per
2452 895 2513 934 se

245 959 492 1031 quilibet
535 961 848 1015 cardinalis
881 973 1140 1032 praesens
1177 961 1238 1015 in
1271 961 1439 1016 Curia
1457 1002 1473 1029 ,
1518 963 1715 1016 absens
1744 981 1876 1017 vero
1918 981 2019 1034 per
2060 965 2354 1020 vicarium
2388 965 2515 1019 ido-

246 1061 458 1114 neum,
519 1045 752 1116 singulis
793 1048 954 1100 annis
1000 1049 1226 1104 titulum
1271 1063 1438 1100 suum
1455 1085 1471 1111 ‚
1512 1048 1869 1120 clericosque
1910 1059 1969 1104 ct
2002 1051 2285 1120 populum
2314 1051 2515 1106 Eccle-

245 1129 476 1196 siarum,
502 1131 914 1200 subiectarum,
961 1142 1018 1186 et
1065 1150 1196 1187 cum
1244 1132 1535 1202 diligentia
1571 1127 1847 1204 inquirat,
1894 1145 1951 1188 et
1992 1136 2299 1190 salubriter
2318 1137 2514 1206 provi·

246 1215 418 1282 (leat,
462 1233 632 1286 super
677 1215 836 1270 cultu
875 1219 1063 1272 divino
1107 1218 1380 1287 bonisque
1421 1217 1668 1286 ipsarum
1712 1220 2119 1288 Ecclesiarum,
2180 1239 2248 1274 ac
2292 1222 2415 1275 vita
2457 1229 2515 1273 et

243 1301 507 1356 moribus
555 1293 904 1358 Clericorum
951 1313 1008 1357 et
1045 1302 1521 1360 Parochianorum
1542 1341 1559 1370 ,
1622 1303 1693 1356 de
1734 1305 1969 1378 quib‘us,
2030 1323 2165 1360 cum
2221 1323 2359 1360 suae
2399 1306 2515 1360 sint

247 1403 428 1454 oves,
490 1387 554 1440 iu
599 1387 844 1441 districto
897 1389 1008 1443 Dei
1077 1389 1288 1442 iudicio
1347 1389 1631 1442 rationem
1694 1387 2037 1490 redditurus!
2066 1397 2171 1444 est.
2270 1393 2341 1444 Et
2392 1399 2515 1446 tam

244 1471 440 1543 quoad
484 1481 710 1543 tempus
736 1462 1054 1546 fvisitandi,
1108 1491 1284 1546 quam
1336 1474 1527 1554 quoad
1581 1475 1689 1528 alia
1708 1514 1726 1544 ,
1778 1485 2001 1542 servet,
2056 1493 2205 1548 quae
2254 1475 2517 1532 instituta

245 1567 387 1610 sunt
428 1557 490 1610 in
531 1561 771 1614 Dect-eto
801 1552 992 1612 nostro‘
1025 1559 1094 1612 ds
1122 1558 1388 1614 Conciliis
1417 1560 1793 1629 synodalibus.
1878 1562 1998 1614 Etsi
2028 1561 2347 1632 queml-ibet
2374 1563 2515 1618 Car-
2560 1567 2579 1585 ⁹
2597 1565 2619 1582 “

249 1641 528 1696 dinalium
553 1653 670 1698 tam
700 1645 820 1714 ipsa
854 1645 1144 1716 Dignitas,
1189 1661 1358 1714 quam
1388 1646 1630 1714 propria·
1664 1655 1974 1718 perurgeat
1994 1647 2363 1718 pollicitatio,
2404 1665 2512 1719 pro

245 1729 580 1782 memoratis
621 1731 832 1784 sanctis
853 1731 1116 1784 laborare
1151 1730 1441 1800 operibus3
1488 1730 1850 1785 nihilominus
1876 1743 1942 1784 ut
1984 1749 2051 1785 eo
2092 1731 2387 1785 efficacius
2424 1743 2513 1786 res

245 1813 428 1885 fiant,
471 1831 585 1886 quo
619 1815 850 1886 singulis
879 1815 1048 1886 qnasi·
1065 1815 1420 1886 peculiariter
1461 1814 1898 1884 distribuuntur,
1942 1817 2206 1888 Episcopi
2238 1819 2513 1873 cardina-

244 1899 329 1952 les
352 1901 624 1972 indagare
653 1911 882 1966 curent,
929 1917 1072 1970 quae
1109 1901 1364 1970 regiones
1393 1900 1751 1977 haeresibus,
1802 1903 2115 1967 erroribus,
2162 1901 2511 1972 superstitio—

246 1985 416 2038 nibus
449 1985 608 2039 novis
651 1995 749 2039 aut
791 1986 1068 2040 veteribus
1110 1986 1314 2040 infecta
1345 1985 1485 2038 sint:
1528 1987 1871 2058 Presbyteri,
1918 1989 2011 2040 ubi
2042 2004 2243 2040 mores
2280 1996 2335 2040 et
2364 1987 2513 2041 divi-

247 2087 462 2124 norum
507 2072 900 2124 mandatorum
938 2071 1290 2141 observantia
1337 2089 1406 2124 ac
1455 2073 1829 2126 ecclesiastica
1870 2072 2165 2143 disciplina
2208 2071 2507 2127 deficiantz

250 2155 530 2222 Diaconi‚
574 2158 674 2228 qui
695 2161 878 2230 Reges
906 2165 962 2210 et
992 2157 1274 2228 Principes
1314 2173 1411 2210 seu
1447 2157 1643 2227 populi
1689 2157 1851 2211 bellis
1888 2159 2205 2230 agitentur,
2249 2156 2341 2210 vel
2383 2157 2509 2229 agi-

249 2242 360 2294 tari
413 2240 754 2295 timeantur:
801 2251 856 2295 et
893 2235 1186 2316 tamquam
1236 2258 1365 2311 apes
1406 2251 1831 2312 argumentosae
1871 2252 1988 2296 tam
2020 2241 2176 2313 apud
2217 2259 2511 2296 summum

249 2327 620 2392 Pontificem,
662 2345 830 2398 quam
871 2328 1119 2382 iuter-‘se
1165 2327 1313 2398 ipsos
1355 2326 1657 2396 diligenter
1692 2335 1748 2380 et
1794 2338 2053 2381 accurate
2094 2327 2322 2399 negotia
2366 2329 2511 2382 haec

250 2422 450 2467 sancta
479 2409 886 2484 promoveant3
934 2431 1164 2487 operam
1200 2411 1429 2476 dantes,
1473 2421 1564 2479 ut,
1610 2412 1707 2466 ubi
1752 2413 2129 2466 necessarium
2170 2412 2375 2480 fuerit,
2422 2429 2512 2466 sa·-
2610 2419 2615 2430 “

252 2496 406 2552 lub'ri
447 2499 697 2551 remedio
750 2498 1124 2570 provideatur.
1211 2500 1336 2569 Ipse
1365 2506 1558 2550 autem
1588 2516 1841 2553 summus
1877 2499 2169 2569 Pontifex,
2216 2507 2513 2570 tamquam

253 2585 576 2639 communis
623 2586 875 2637 omnium
913 2588 1084 2639 Pater
1125 2593 1182 2637 et
1215 2592 1434 2653 pastor,
1478 2599 1592 2635 non
1621 2584 1803 2637 solum
1830 2592 2058 2655 rogatus
2085 2600 2153 2637 ac
2180 2576 2511 2656 solicitatus,

251 2669 350 2721 sed
385 2668 616 2741 proprio
649 2680 810 2723 motu
853 2670 1058 2741 ubique
1099 2669 1428 2740 investiget,
1474 2668 1905 2741 investigat-ique
1944 2670 2151 2738 faciat,
2200 2678 2288 2737 et,
2333 2686 2513 2743 quem

251 2763 469 2825 potest,
513 2754 772 2808 omnibus
819 2754 1066 2809 filiorum
1121 2754 1328 2808 morbis
1355 2754 1659 2807 salutarem
1702 2754 1961 2807 conferat
2002 2752 2363 2809 medicinam.
2450 2756 2513 2811 Si

251 2841 481 2911 quando
510 2842 718 2911 Papam
758 2840 930 2911 (quod
971 2842 1138 2909 absit)
1171 2840 1548 2913 negligentem
1592 2848 1687 2893 aut
1712 2842 2006 2895 remissum
2030 2879 2045 2908 ,
2084 2858 2188 2894 seu
2224 2850 2511 2913 agentem,

254 2926 397 2995 qnae
427 2936 636 2979 statum
663 2922 814 2978 illius
854 2943 968 2979 non
1011 2926 1244 2993 decent,
1291 2925 1394 2996 ipsi
1428 2924 1755 2979 cardinales
1790 2926 2161 2998 inspexerint=
2209 2926 2379 2980 filiali·
2414 2944 2512 2981 re-

251 3013 508 3065 verentia
551 3022 607 3064 et
654 3012 930 3065 charitate
965 3020 1258 3081 tamquam
1297 3002 1557 3081 patrem,
1612 3012 1933 3077 obsecrent,
1990 3020 2055 3063 ut
2095 3010 2284 3065 officio
2314 3021 2511 3082 pasto-

255 3095 364 3151 rali
401 3098 716 3168 honorique
743 3114 810 3149 ac
856 3096 1041 3156 debito
1067 3114 1165 3150 suo
1199 3096 1520 3149 satisfaciat.
1606 3098 1677 3150 Et
1718 3098 1903 3167 primo
1928 3097 2151 3169 quidem
2182 3096 2387 3177 aliquis
2412 3096 2511 3153 vel

254 3182 435 3257 aliqui
476 3182 545 3235 de
583 3200 688 3253 per
723 3199 815 3249 se,
861 3182 1060 3235 deinde
1092 3182 1137 3234 si
1168 3198 1225 3235 se
1268 3198 1381 3233 non
1413 3183 1689 3253 corrigat,
1734 3182 1925 3235 omnes
1970 3182 2365 3254 collegialiter,
2410 3200 2507 3235 ac·-

255 3268 474 3321 cersitis
510 3268 838 3337 quibusdam
884 3266 1220 3321 notabilibus
1257 3266 1560 3335 Praelatis,
1618 3255 2030 3339 praedicentes,
2097 3268 2249 3341 quod
2300 3268 2345 3321 si
2387 3284 2507 3321 non

255 3352 624 3427 abstinuerit,
668 3352 921 3423 proximo
947 3350 1207 3429 generali
1229 3352 1485 3407 Concilio
1516 3351 1809 3409 deferente
1842 3371 1951 3407 nec
1983 3370 2087 3423 pro
2118 3352 2300 3405 salute
2330 3352 2507 3421 ipsius

253 3438 464 3491 summi
493 3438 782 3492 Pontificis
824 3446 882 3491 st
915 3438 1066 3493 bono
1105 3438 1329 3509 publico
1371 3438 1491 3490 eius
1530 3437 1720 3499 odium
1754 3438 1843 3491 vel
1880 3438 2189 3510 quidquam
2233 3436 2387 3489 aliud
2432 3436 2509 3491 ti-

256 3533 450 3577 meant
471 3562 488 3591 ,
537 3524 672 3577 dum
702 3534 887 3577 tamen
913 3533 1233 3578 reverenter
1253 3528 1326 3575 'et
1365 3522 1695 3575 charitative
1732 3522 1793 3575 id
1836 3532 2021 3595 agant.
2108 3520 2299 3575 Multo
2321 3521 2511 3591 magis

257 3608 304 3661 si
343 3626 512 3679 quem
559 3626 628 3661 ex
671 3609 1056 3663 cardinalibus
1097 3608 1311 3680 aliquid
1353 3622 1654 3677 perperam
1678 3624 1776 3660 seu
1806 3606 2237 3679 reprehensione
2270 3606 2509 3677 dignum

257 3694 556 3747 facientem
593 3696 740 3765 Papa
773 3696 1127 3765 cognoverit,
1171 3704 1407 3765 paterna
1438 3707 1657 3763 semper
1694 3692 1969 3745 charitate
2009 3701 2066 3745 et
2108 3690 2262 3745 iuxta
2298 3692 2513 3745 doctri-

258 3796 394 3832 nam
435 3780 821 3851 evangelicam
859 3781 1136 3851 corrigat:
1181 3790 1245 3833 ut
1285 3780 1367 3831 sic
1401 3776 1550 3831 alter
1592 3776 1651 3832 in
1692 3778 1963 3848 alterum,
2006 3778 2174 3831 Pater
2215 3777 2278 3830 in
2316 3776 2508 3844 Filios,

263 3872 320 3917 et
363 3864 494 3919 Filii
537 3866 594 3917 in
627 3867 858 3920 Patrem
893 3866 1180 3919 charitatis
1213 3880 1384 3934 opera
1421 3870 1776 3935 exercentes,
1834 3864 2141 3918 Ecclesiam
2199 3863 2513 3933 exemplari

262 3960 330 4003 ac
375 3950 588 4005 salubri
629 3948 1012 4005 moderamine
1061 3952 1392 4023 gubernent.
1478 3949 1763 4003 Praelatos
1807 3958 1863 4003 et
1922 3964 2303 4020 quoscumque
2346 3948 2513 4018 alios,
2580 3997 2597 4003 -

262 4034 500 4106 insignes
533 4037 864 4107 praesertim
895 4038 1046 4090 viros
1089 4036 1160 4089 ad
1203 4036 1431 4091 Curiam
1471 4038 1787 4091 Romanam
1827 4032 2237 4106 proficiscentes
2256 4073 2273 4103 ,
2310 4034 2513 4089 cudi-
2594 4033 2597 4044 '

263 4120 418 4176 nales
447 4122 694 4195 benigno
740 4132 797 4175 et
829 4122 1140 4177 honorifice
1168 4130 1290 4175 tam
1333 4121 1587 4193 publice,
1630 4138 1802 4191 quam
1854 4122 2093 4194 private,
2135 4128 2507 4191 pertractent,

266 4216 322 4259 et
359 4207 509 4279 apud
541 4224 830 4262 summum
871 4208 1200 4262 Pontificem
1231 4222 1430 4261 eorum
1472 4206 1700 4279 negotia
1741 4206 1914 4277 gratis
1942 4224 2019 4259 ac
2062 4206 2376 4260 liberaliter
2418 4222 2515 4258 ro·

264 4294 554 4349 commissa
595 4294 825 4348 faciant.
908 4292 982 4347 Et
1031 4310 1164 4347 cnm
1207 4290 1287 4359 si,
1352 4292 1450 4362 qui
1506 4292 1823 4345 communi·
1867 4302 1951 4345 est
2004 4292 2262 4345 omnium
2322 4292 2513 4357 Pater,

263 4378 580 4443 Gar-dinam
607 4382 862 4435 assistant
875 4416 892 4446 ,
935 4394 1302 4451 personarum
1331 4386 1711 4451 acceptu-ores
1735 4377 1863 4433 fissi
1896 4367 1993 4433 vei
2016 4377 2319 4431 namtas
2340 4372 2514 4430 valde
