2930 4963
332 367 463 436 242
660 431 672 449 ‚

233 568 240 578 ι
331 533 794 616 compellamur.
895 531 926 594 I
925 552 1064 612 psas
1119 541 1322 592 autem
1373 524 1745 606 concubinas
1798 533 1909 584 aut
1954 531 2263 606 suspectus
2316 521 2585 582 Praelnti

331 637 612 701 omnibus
647 634 840 698 modis
869 643 1114 710 curent,
1157 655 1190 692 a
1215 631 1342 694 suis
1369 629 1629 690 subditis
1652 647 1763 714 per
1788 613 2085 689 auxilium
2115 635 2179 688 et
2206 623 2441 686 brachii
2468 643 2587 684 se-

332 739 558 802 cularis
595 736 1072 810 invocationem,
1117 735 1168 794 si
1201 755 1356 816 opus
1383 732 1601 805 fuerit,
1656 730 1899 812 penitus
1926 727 2161 806 arcere,
2220 727 2367 808 quin
2396 727 2603 790 etiam-

329 842 526 914 filios,
582 861 660 900 ex
691 839 798 898 tali
835 813 1242 898 concubinatu
1285 843 1667 916 procreatos,
1710 833 1871 914 apud
1902 841 2101 914 patres
2142 853 2283 892 suos
2326 829 2587 890 cohabi-

331 955 460 1006 tare
491 963 612 1002 non
635 942 1020 1022 =permittant.
1108 937 1384 1000 Iubemus
1412 937 1693 1016 insuper,
1760 935 1921 1016 quod
1962 935 2023 994 in
2063 933 2384 1015 praedictis
2420 935 2587 1012 Syn·-

333 1047 467 1106 odis
498 1055 559 1106 et
595 1044 888 1124 Capitulis
921 1041 1242 1122 praemissa
1271 1040 1658 1120 publicentur
1684 1049 1746 1100 et
1768 1049 1838 1098 ut
1860 1036 2113 1117 quilibet
2136 1057 2275 1098 auos
2304 1035 2587 1096 subditos

333 1149 410 1208 ad
439 1149 706 1230 ipsarum
741 1145 1214 1228 concubinarum
1247 1142 1655 1204 dimissionem
1686 1151 1927 1202 moneat
1952 1141 2287 1218 diligenter.
2370 1138 2589 1198 Iniun-

333 1251 526 1330 gimus
571 1259 876 1328 praetensa
933 1245 1210 1309 omnibus
1248 1245 1619 1306 secularibus
1662 1245 1847 1322 viris,
1904 1243 2139 1312 etiamsi
2174 1241 2358 1320 regali
2396 1260 2587 1321 prae-
2674 1311 2687 1322 δ

333 1355 600 1430 fulgeant
641 1350 968 1428 dignitate,
1023 1369 1098 1408 ne
1155 1348 1354 1408 ullum
1395 1349 1809 1426 qualecunque
1852 1345 2117 1409 inserant
2174 1326 2588 1424 impedimen-
2629 1404 2635 1412 ,

333 1465 498 1532 tum,
557 1470 918 1532 quocunque
969 1443 1242 1530 quaesito
1293 1451 1529 1526 colore,
1588 1449 1907 1525 Praelatis‚
1978 1445 2087 1528 qui
2122 1447 2357 1508 ratione
2388 1443 2585 1506 officii

333 1555 432 1618 sui
471 1555 758 1616 adversm
795 1553 1068 1612 subditos
1099 1571 1242 1612 suos
1274 1574 1390 1634 pro
1411 1551 1761 1612 huiusmodi
1792 1551 2199 1612 concubinatu
2226 1557 2287 1608 et
2316 1547 2449 1608 aliis
2477 1567 2587 1608 ca-

241 1649 249 1674 ’
298 1639 534 1736 nibus,
579 1655 694 1716 sibi
720 1678 753 1714 a
781 1657 914 1716 iure
946 1653 1282 1734 permissis,
1338 1655 1697 1732 procedunt.
1798 1655 1877 1714 Et
1912 1675 2051 1714 cum
2096 1671 2273 1714 omne
2311 1649 2587 1712 fornica-

260 1739 267 1748 ’
335 1755 522 1824 tion'is
549 1760 778 1823 crimen
803 1759 930 1834 lege
969 1757 1176 1816 divina
1205 1757 1577 1837 prohibitum
1602 1756 1683 1816 sit
1706 1765 1767 1818 et
1790 1757 1903 1816 sub
1931 1777 2121 1836 poena
2152 1753 2387 1834 peccati
2412 1773 2587 1814 rnor-

333 1863 476 1926 talis
503 1860 840 1927 necessario
869 1859 1219 1918 evitandum
1239 1903 1258 1932 ‚
1321 1879 1631 1921 monemus
1664 1879 1866 1920 omnes
1898 1860 2104 1920 Laicos
2136 1867 2255 1944 tam
2296 1863 2589 1917 uxoratos

339 1987 522 2050 quam
556 1963 819 2034 solutos,
861 1972 933 2041 ut
964 1962 1242 2024 similiter
1271 1981 1304 2018 a
1331 1961 1737 2022 concubinatu
1764 1961 2119 2022 abstineant.
2180 1947 2390 2020 'Nimis
2421 1959 2589 2020 enim
2614 2007 2627 2016 .

336 2065 820 2150 reprehensibilis
861 2073 982 2142 est,
1042 2065 1150 2144 qui
1189 2083 1448 2124 uxorem
1478 2063 1664 2134 habet
1694 2073 1754 2124 et
1780 2065 1855 2124 ad
1892 2063 2074 2124 aliam
2118 2083 2373 2122 uxorem
2404 2081 2589 2122 acoe-

335 2171 448 2236 dit.
536 2164 663 2244 Qui
687 2189 832 2230 vero
861 2169 1093 2228 solutus
1119 2177 1238 2243 est,
1281 2169 1334 2228 si
1363 2169 1673 2230 continere
1694 2167 1881 2244 nolit,
1924 2165 2099 2226 iuxta
2126 2163 2591 2244 Apostoli'con-

337 2273 544 2334 silium
588 2291 844 2332 uxorem
893 2270 1096 2330 ducat.
1195 2271 1310 2330 Pro
1349 2267 1701 2332 huiusmodi
1738 2279 1939 2330 autem
1983 2268 2177 2330 divini
2210 2265 2591 2328 observantia

341 2374 654 2458 praecepti
681 2375 766 2450 ii,
809 2372 884 2434 ad
915 2393 1066 2452 quos
1095 2372 1396 2452 pertinet,
1439 2381 1561 2432 tam
1588 2372 1945 2434 salutaribus
1972 2370 2215 2432 monitis
2244 2389 2421 2452 quam
2448 2368 2589 2430 eliis

339 2475 649 2541 canonicis
673 2475 950 2539 remediis
985 2475 1150 2537 omni
1177 2474 1378 2537 studio
1403 2475 1701 2539 laborent.

505 2577 571 2664 §.-
621 2584 750 2657 11..„
812 2580 910 2637 De
953 2578 1665 2639 excommunicatis
1708 2598 1869 2639 non
1908 2576 2291 2639 vitandis.
2360 2576 2587 2637 Statui-

337 2702 474 2743 mus
501 2682 779 2761 insuper,
828 2678 996 2759 quod
1027 2678 1106 2739 ad
1137 2680 1452 2741 vitandum
1488 2683 1767 2742 scandala
1796 2690 1853 2743 et
1878 2680 2069 2741 multa
2092 2680 2397 2761 pericula,
2438 2678 2587 2740 sub-

341 2780 704 2843 veniendum
730 2800 974 2861 quoque
1001 2782 1383 2843 conscientiis
1419 2784 1747 2863 timoratis,
1798 2784 1968 2865 quod
2006 2800 2181 2843 nemo
2224 2781 2508 2861 deinceps
2550 2799 2589 2837 a

339 2880 885 2945 communicatione
926 2883 1182 2943 alicuius
1232 2884 1300 2943 in
1341 2888 1863 2947 &crementorum
1916 2884 2433 2947 administratione
2485 2882 2595 2943 vel

337 2986 726 3065 receptione,
772 2994 878 3045 aut
902 2984 1038 3045 aliis
1077 2984 1529 3075 quibuscunque
1554 2988 1815 3066 divinis,
1872 2988 1973 3049 vel
2008 2998 2213 3066 extra,
2266 2993 2591 3069 praetextu

343 3086 758 3165 cuiuscunque
782 3089 1144 3165 sententiae,
1187 3091 1296 3149 aut
1325 3107 1611 3153 censurae
1638 3091 2109 3166 ecclesiasticae,
2152 3085 2589 3171 suspensionis,

341 3198 446 3249 aut
471 3188 832 3269 privationis
863 3190 936 3251 ab
963 3190 1236 3268 bomine,
1283 3193 1379 3253 vel
1403 3214 1438 3253 a
1472 3194 1603 3255 iure
1632 3196 1989 3273 generaliter
2018 3194 2444 3273 promulgatae,
2490 3200 2589 3249 te·-

339 3300 556 3352 neatur
601 3290 936 3368 abstinere,
993 3292 1092 3351 vel
1117 3292 1375 3372 aliquem
1405 3296 1629 3371 vitare,
1688 3296 1789 3357 vel
1814 3296 2199 3361 interdictum
2228 3292 2592 3356 ecclesiasti·

342 3414 484 3457 cum
522 3392 876 3473 observare,
913 3394 1034 3455 nisi
1065 3398 1392 3476 sententia,
1433 3398 1795 3479 prohibitio,
1846 3400 2156 3481 suspensio
2194 3398 2297 3459 vel
2333 3416 2591 3459 censura

339 3495 695 3561 huiusmodi
752 3498 940 3561 fuerit
995 3498 1094 3559 vel
1143 3510 1356 3561 contra
1395 3524 1742 3583 personam,
1800 3503 2161 3581 Collegium,
2214 3501 2591 3563 Universita-

341 3608 464 3659 tem
501 3608 562 3659 et
591 3598 947 3677 Ecclesiam,
1009 3610 1116 3661 aut
1141 3602 1345 3665 locum
1377 3616 1611 3671 certum
1646 3614 1755 3667 aut
1780 3616 2035 3681 certam,
2092 3624 2129 3665 a
2166 3604 2365 3664 iudice
2388 3596 2591 3684 publi.

347 3712 476 3763 csta
503 3712 566 3763 et
593 3702 956 3765 denunciata
987 3704 1329 3783 specialiter
1357 3716 1418 3767 et
1441 3728 1753 3789 expresse,
1810 3718 1919 3769 aut
1954 3708 2189 3767 notorie
2238 3706 2305 3765 in
2346 3722 2589 3767 excom-

341 3802 770 3885 municationis
819 3808 1180 3874 sententiam
1219 3796 1560 3869 constiterit
1604 3810 1915 3887 incidisse,
1972 3809 2137 3889 quod
2177 3808 2349 3869 nulls
2396 3806 2599 3888 possit.
2648 3804 2659 3823 '

341 3904 834 3982 tergiversatione
869 3909 1083 3986 celari,
1145 3920 1251 3969 aut
1273 3910 1477 3989 aliquo
1509 3913 1661 3981 iuris
1690 3912 1971 3991 suffragio
2008 3912 2319 3988 ueneni,
2374 3930 2515 3969 enm
2550 3928 2601 3967 a.

347 4009 772 4069 communione
798 4010 960 4071 illius
985 4010 1288 4073 abstinere
1309 4014 1589 4075 volumus
1604 4058 1623 4087 ,
1674 4015 1847 4075 iuxta
1870 4015 2189 4077 canonicas
2218 4012 2589 4077 sanctiones.

344 4108 462 4169 Per
497 4107 618 4171 hoc
659 4120 860 4171 tamen
903 4111 1247 4175 huiusmodi
1281 4118 1873 4199 excommunicatos„
1920 4138 2279 4199 suspensos,
2328 4114 2591 4177 interdi-

347 4219 480 4273 ctos
493 4252 514 4291 ,
559 4230 662 4273 seu
689 4213 1024 4293 prohibitos
1053 4237 1180 4277 non
1203 4217 1575 4283 intendimus
1612 4220 1680 4283 in
1710 4222 1925 4305 aliquo·
1944 4222 2233 4297 relevare,
2272 4236 2467 4301 nsque
2500 4216 2603 4281 eis.

347 4313 798 4395 quomodolibet
826 4316 1164 4399 suffragari.
