2930 4963
2472 380 2597 452 241

279 595 290 608 ,
337 555 582 624 verus,
623 565 740 609 nec
762 567 889 608 non
923 545 1273 609 huiusmddi
1300 546 1614 629 publicum
1640 548 2145 610 concubinarium
2163 593 2183 628 ,
2240 556 2314 610 ut
2332 547 2603 630 primum

337 652 538 712 talem
565 671 694 711 esse
716 653 989 730 noverit,
1039 673 1186 712 mox
1217 671 1363 712 suus
1395 651 1689 734 Superior
1721 673 1963 714 monere
1990 661 2301 728 teneatur,
2344 661 2435 712 ιιι
2443 652 2605 714 infra

341 753 772 815 Brevissimum
800 753 1125 814 terminum
1161 753 1556 816 concubinam
1590 753 1887 828 dimittat3
1948 762 2010 812 et
2048 755 2099 812 si
2144 733 2313 812 illam
2348 775 2471 816 non
2501 755 2603 816 di·-

343 856 616 934 miserit,
673 855 775 917 vel
817 855 1154 935 dimissam,
1210 865 1316 918 aut
1345 855 1524 916 aliam
1550 855 1791 936 publice
1816 852 2245 936 resumpserit,
2308 854 2600 934 iubemus,

265 1001 272 1014 .
345 969 422 1020 nt
448 957 650 1040 ipsum
683 958 962 1018 omnibus
999 959 1124 1018 suis
1154 957 1473 1020 Beneficiis
1520 958 1764 1019 omnino
1798 956 2011 1038 privet.
2098 958 2175 1016 Et
2212 955 2603 1028 nihilominus

341 1057 395 1119 ii
424 1059 656 1141 publici
691 1053 1142 1136 concubinarii,
1199 1080 1386 1138 usque
1435 1081 1553 1140 quo
1594 1080 1731 1119 cum
1777 1059 1861 1118 eis
1913 1079 2023 1139 per
2066 1079 2207 1118 suos
2250 1061 2603 1141 Superiores
2711 1126 2718 1133 ,

347 1170 492 1244 post
535 1161 804 1242 ipsarum
877 1161 1346 1223 concubinarum
1413 1161 1825 1222 dimissionem
1874 1159 2379 1241 manifestamque
2439 1163 2603 1224 vitae

351 1263 832 1325 ‘emendationem
867 1265 1053 1362 fuerit
1083 1265 1525 1345 dispensatum,
1588 1266 1667 1327 sd
1706 1263 2603 1344 susceptionem-quorumcun-
2632 1325 2635 1328 ,

353 1385 470 1448 que
497 1364 832 1452 bonorum,
883 1367 1276 1446 Dignitatum,
1320 1367 1831 1429 Beneficiorumve
1862 1365 1989 1426 sint
2024 1365 2337 1444 inhabiles,
2382 1369 2508 1447 qui,
2549 1366 2605 1428 si

300 1555 318 1560 ⁹
351 1478 494 1550 post
521 1463 1029 1550 dispensationem
1055 1471 1320 1530 recidivo
1357 1471 1590 1531 vomitu
1626 1471 1705 1529 ad
1726 1468 2069 1530 huiusmodi
2102 1467 2417 1552 publicum
2446 1491 2603 1531 con-
2689 1553 2700 1564 ,
2795 1521 2805 1542 ,

354 1571 706 1662 ουδὶιιειιιιιι
734 1571 1062 1649 redierint,
1105 1571 1232 1632 sine
1261 1593 1370 1653 spe
1401 1571 1659 1632 alicuius
1692 1571 2155 1653 dispensationis
2189 1571 2267 1632 ad
2295 1563 2628 1652 praedicta*

349 1691 604 1755 prorsus
635 1671 931 1732 inhabiles
969 1673 1248 1736 existant.
1338 1673 1520 1749 Quod
1555 1674 1607 1734 si
1644 1675 1721 1751 ii,
1772 1675 1849 1734 ad
1884 1695 2034 1753 quos
2063 1675 2275 1734 talium
2304 1674 2601 1736 correctio

331 1775 649 1857 pertinet,
711 1795 809 1834 eos
841 1775 934 1858 (ut
959 1774 1334 1856 praedictum
1362 1772 1481 1862 est)
1524 1777 1741 1856 punire
1767 1775 2179 1856 neglexerint,
2240 1797 2445 1837 eorum
2469 1781 2605 1840 Su-

329 1874 620 1960 ,periotes
643 1887 768 1938 tam
799 1877 963 1958 ipsos
993 1879 1066 1937 de
1096 1879 1406 1959 neglectu,
1453 1901 1634 1960 quam
1659 1879 1795 1939 illos
1825 1901 1939 1960 pro
1977 1878 2382 1939 concubinatu
2408 1881 2603 1942 modis
2630 1923 2637 1929 -

269 2005 275 2012 ·
353 1981 636 2042 omnibus
663 1981 840 2060 digna
879 1981 1208 2060 punitione·
1232 1981 1730 2068 animadvertant.
1813 1978 1883 2040 In
1918 1980 2201 2040 Conciliis
2233 1983 2408 2042 etiam
2443 2005 2603 2064 pro-

350 2083 716 2144 vincialibus
747 2093 804 2143 et
828 2082 1220 2162 synodalibus
1255 2083 1543 2144 adversus
1582 2083 1733 2143 tales
1780 2083 2003 2164 punit-e
2046 2083 2444 2162 negligentes,
2501 2083 2602 2146 vel

353 2185 430 2246 de
467 2185 590 2245 hoc
627 2183 876 2246 crimine
919 2183 1296 2272 diffamatos,
1351 2184 1531 2246 etiam
1558 2205 1671 2266 per
1701 2183 2157 2270 suspensionem
2192 2205 2226 2243 a
2276 2185 2603 2247 collatione

353 2287 827 2365 Beneficiorum,
866 2288 968 2347 vel
997 2289 1114 2346 alia
1141 2287 1438 2366 condigna
1472 2307 1700 2368 poena,
1744 2285 2031 2348 severiter
2058 2287 2446 2367 procedatur.
2522 2289 2603 2350 Et

352 2389 404 2449 si
433 2387 510 2465 ii,
555 2405 822 2468 quorum·
848 2388 1162 2449 destitutio
1197 2391 1274 2450 ad
1302 2391 1426 2452 Nos
1459 2401 1521 2450 et
1551 2391 1761 2450 Sedem
1787 2389 2155 2471 praedictam
2186 2397 2438 2468 spectat,
2490 2409 2603 2470 per

355 2491 626 2552 concilia
649 2492 1082 2575 provincialia,
1131 2502 1236 2553 aut
1262 2514 1403 2554 suos
1431 2486 1811 2575 Superiores,
1850 2501 2103 2587 propter
2134 2478 2601 2551 concubinatum

350 2592 668 2675 pubiicum
693 2592 1076 2674 reperiantur
1107 2598 1447 2676 privatione
1482 2598 1689 2677 digni,
1746 2596 1949 2657 statim
1982 2616 2121 2655 cum
2163 2611 2452 2675 processu
2488 2592 2603 2651 in-

355 2694 698 2775 quisitionis
733 2696 812 2757 ad
835 2697 956 2757 Nos
983 2698 1344 2760 deserantur.
1411 2702 1489 2761 Et
1520 2701 1723 2761 eadem
1757 2698 2067 2778 diligentia
2102 2706 2161 2755 et
2190 2694 2501 2775 inquisitio
2533 2696 2601 2755 in

356 2798 812 2882 quibuscunque
863 2802 1238 2879 generalibus
1273 2802 1610 2897 Capitulis,
1654 2804 1828 2870 etiam
1878 2797 2391 2889 provincialibus,
2448 2818 2601 2879 quo-

355 2901 434 2961 ad
465 2922 568 2961 eos
593 2902 897 2978 servetur,
945 2906 1154 2983 poenis
1191 2906 1322 2965 aliis
1359 2917 1566 2966 contra
1596 2904 1937 2989 praedictos
1965 2910 2025 2962 et
2054 2902 2203 2961 alios
2235 2922 2361 2961 non
2387 2900 2599 2983 publi-

355 3025 460 3066 cos
501 2996 994 3084 concubinarios,
1059 3028 1094 3065 a
1133 3006 1267 3069 iure
1307 3011 1585 3087 statutis,
1646 3010 1711 3077 in
1755 3028 1865 3069 sno
1904 3005 2125 3067 robore
2166 3007 2597 3087 permansuris.

356 3106 592 3171 Eablici
624 3113 822 3165 autem
851 3106 1230 3187 intelligendi
1259 3121 1404 3171 sunt
1427 3113 1555 3173 non
1584 3112 1777 3172 solum
1800 3110 1881 3188 ii,
1926 3128 2187 3189 quorum
2216 3107 2603 3167 concubina-

353 3218 458 3270 tus
490 3229 600 3291 per
625 3208 980 3269 sententiam
1015 3219 1118 3270 aut
1145 3215 1579 3274 consessionem
1598 3259 1615 3291 ,
1658 3213 1721 3274 in
1750 3214 1884 3274 iure
1915 3214 2131 3272 factam
2148 3254 2167 3288 ,
2226 3209 2330 3269 sed
2369 3228 2480 3289 per
2514 3206 2601 3267 rei

357 3310 754 3386 evidentiam,
801 3330 950 3390 quae
973 3314 1140 3373 nulla
1169 3317 1360 3395 possit
1389 3318 1881 3395 tergiversatione
1915 3296 2131 3390 celari,
2188 3310 2462 3371 notorius
2490 3316 2599 3384 est,

356 3414 464 3474 sed
495 3414 690 3490 etiam,
730 3412 832 3493 qui
859 3414 1187 3491 mulierem,
1216 3416 1292 3477 de
1317 3416 1756 3489 incontinentia
1771 3428 2111 3499 suspectam
2140 3422 2203 3473 et
2222 3412 2602 3473 diffamatam

351 3524 594 3593 tenent,
641 3526 701 3576 et
723 3536 832 3596 per
853 3536 1033 3577 suum
1061 3520 1442 3619 Superiorem
1470 3512 1795 3598 admoniti,
1838 3520 2030 3600 ipsam
2060 3536 2197 3574 cum
2232 3509 2451 3573 effectu
2476 3530 2603 3571 non

357 3606 698 3681 dimittunt.
785 3618 938 3693 Quia
975 3640 1118 3681 vero
1150 3622 1214 3706 in
1245 3622 1601 3700 quibusdam
1637 3622 1977 3701 regionibus
2028 3616 2315 3678 nonnulli
2343 3613 2603 3674 iurisdi-

359 3723 619 3784 ctionem
651 3721 1112 3783 ecclesiasticam
1139 3720 1422 3784 habentes
1451 3714 1827 3805 pecuniarios
1858 3732 2135 3804 quaestus
2166 3740 2199 3777 a
2228 3705 2603 3794 concubina-

309 3824 468 3889 riis
492 3826 802 3909 percipere
825 3846 952 3885 non
979 3826 1356 3905 erubescunt,
1402 3826 1697 3910 patientes
1726 3846 1825 3887 eos
1854 3826 1919 3886 in
1947 3824 2053 3885 tali
2078 3821 2361 3887 foeditate
2386 3817 2603 3878 sorde-
2650 3880 2663 3895 ,
2695 3826 2704 3849 ⁸

359 3941 570 4026 scere,x
617 3929 728 3991 sub
763 3948 985 4012 poena
1001 3928 1442 3990 maledictionis
1476 3939 1749 3990 aeternae
1788 3926 2231 4010 praecipimus,
2290 3942 2371 4009 ne
2412 3920 2623 3981 dein--

361 4054 500 4117 ceps
531 4033 644 4095 sub
675 4043 888 4113 pacto,
947 4026 1419 4111 cempositione,
1495 4042 1601 4120 aut
1643 4050 1750 4113 spe
1792 4028 2039 4089 alterius
2087 4034 2417 4106 quaestus,-
2455 4023 2601 4084 talia
2659 4082 2705 4119 .-

305 4174 324 4193 κ
359 4138 578 4231 quovis
611 4136 790 4198 modo
821 4134 1086 4195 tolerent
1095 4124 1134 4211 ,'
1163 4144 1272 4195 aut
1297 4132 1697 4201 dissimulent.
1783 4132 2073 4212 Alioquin
2104 4128 2283 4220 ultrax
2307 4126 2601 4209 praemis-

273 4274 277 4279 ’
357 4262 486 4302 sam
525 4238 916 4325 negligentiae
942 4232 1228 4321 poenam,
1293 4236 1549 4319 duplum
1578 4234 1739 4311 cius,
1800 4236 1964 4317 quod
1988 4242 2308 4317 propterea
2340 4248 2603 4309 accepe-

292 4355 301 4363 ”
357 4344 522 4425 rint,
583 4343 904 4407 restituere
939 4350 1001 4404 et
1041 4340 1120 4403 ad
1158 4339 1298 4423 pios
1331 4360 1479 4403 usus
1521 4336 1766 4401 omnino
1798 4348 2149 4401 convertere
2182 4341 2507 4397 teneantur
2540 4338 2603 4391 et

1309 4454 1316 4461 .
2102 4442 2188 4505 16
2436 4452 2439 4457 .
