2930 4963
441 392 569 461 484

405 611 408 617 .
443 562 606 623 tertii
646 558 906 639 initum,
947 572 1128 641 atque
1159 560 1338 621 etism
1383 560 1483 621 die
1522 560 1803 643 vigesima
1834 560 2057 621 mensis
2078 556 2388 621 Februarii
2422 554 2703 617 eiusdem

441 663 586 723 anni
619 659 918 743 utrimque
941 664 1344 738 rstifieatum,
1387 661 1690 741 largiente
1700 650 2139 745 omnipotente
2156 664 2317 738 Deo,
2360 660 2483 721 iam
2516 676 2697 719 com-

441 764 677 845 positae
703 782 778 823 sc
803 768 1044 845 penitus
1059 764 1362 827 extinctae
1385 764 1657 838 fuerant,
1704 766 1970 827 Dilectus
2001 764 2191 842 Filius
2218 762 2498 842 Magister
2528 766 2700 823 Em-

441 868 696 927 manuel
723 866 996 929 Ventum
1017 870 1356 949 Figunt-oa,
1403 866 1804 947 cappellanus
1838 842 2081 943 Noster,
2083 876 2185 925 -et
2218 884 2537 929 causarum
2570 864 2698 923 Pa-

441 968 578 1030 latii
609 968 968 1058 Apostolici
975 972 1251 1043 Auditor,
1296 990 1371 1029 sc
1402 968 1725 1029 Maiestatis
1750 970 1915 1031 Tuae
1939 971 2007 1029 in
2032 969 2297 1031 eiusdem
2322 966 2696 1029 concordati

440 1070 684 1150 negotio
725 1046 1288 1153 Plenipotentiarius
1331 1070 1409 1131 sd
1443 1070 1573 1132 Nos
1598 1072 1839 1149 retulit,
1884 1072 2050 1155 quod
2076 1070 2447 1133 Venerabilis
2476 1068 2696 1129 Frater

440 1174 951 1257 Archiepiscopus
978 1173 1388 1235 Nazianzenus
1435 1172 1799 1236 Ordinsrius
1825 1176 2079 1253 Noster,
2122 1184 2183 1235 et
2214 1174 2479 1233 eiusdem
2521 1175 2695 1229 San-

441 1276 788 1338 ctse'Sedis
827 1277 894 1337 iu
939 1274 1248 1357 Hispaniis
1288 1274 1435 1335 Tuis
1484 1276 1787 1359 Nulncius,
1846 1277 2125 1338 mandata
2160 1276 2379 1353 Nostra
2421 1270 2691 1333 eiusdem

445 1378 814 1451 concordati
827 1398 1148 1440 occasione
1169 1377 1360 1439 eidem
1401 1342 1540 1439 data
1570 1398 1695 1437 non
1730 1380 1841 1439 sub
1886 1378 2100 1441 iisdem
2146 1378 2329 1437 modo
2374 1384 2435 1437 et
2472 1376 2691 1465 forms,

441 1480 556 1541 sub
601 1478 823 1561 quibus
861 1480 979 1563 ipsi
1019 1480 1294 1583 iniuncta
1343 1488 1545 1557 erant,
1604 1479 1815 1541 fuisset
1854 1490 2170 1559 executus,
2224 1490 2403 1559 atque
2442 1474 2693 1538 insimul

441 1582 608 1663 quod
647 1582 778 1643 sine
824 1601 926 1661 eo,
983 1602 1104 1663 quo
1145 1558 1432 1661 decebat,
1486 1580 1689 1645 debito
1729 1582 2054 1648 Maiestatis
2096 1582 2273 1647 Tuae
2298 1580 2587 1679 obsequio
2632 1588 2695 1641 et

440 1684 777 1745 reverentia
826 1703 890 1744 se
944 1684 1224 1764 gessisset
1271 1686 1338 1745 in
1381 1681 1706 1764 encyclicis
1745 1686 1869 1747 suis
1922 1684 2115 1745 literis
2169 1684 2265 1745 ad
2303 1680 2685 1745 venerabiles
2740 1698 2747 1709 ³
2877 1764 2878 1771 ἵ

439 1787 692 1853 Fratres
709 1787 1234 1871 Archiepiscopos,
1269 1788 1623 1871 Episcopus,
1664 1798 1845 1869 atque
1870 1786 2017 1847 alios
2042 1786 2487 1859 Ecclesiasticos
2500 1784 2691 1849 Prae·

429 1890 596 1985 ’Istos
631 1886 1060 1969 Hispaniarum
1100 1889 1515 1990 ditionumque
1560 1882 1821 1951 Tuarum
1874 1886 2117 1959 dandis,
2174 1908 2284 1969 per
2324 1908 2473 1969 quas
2508 1896 2581 1947 ut
2607 1886 2690 1949 sd

439 1992 766 2055 sollicitam
804 1983 1216 2074 integramque
1251 1991 1442 2073 ipsius
1500 1991 1859 2051 concordati
1912 1990 2115 2064 (hoc'
2094 2011 2213 2049 iam
2244 1988 2517 2050 Maiestas
2552 1988 2689 2049 Tus

341 2126 348 2138 .
441 2094 761 2176 publicum
802 2092 967 2167 fieri,
1021 2092 1326 2173 proponi,
1385 2102 1446 2151 et
1506 2092 1955 2173 diligentissime
1994 2086 2221 2153 servari
2270 2090 2685 2173 praeceperat)

441 2193 860 2261 executionem
897 2194 1135 2253 eosdem
1166 2192 1479 2256 Antistites
1518 2216 1588 2256 ac
1631 2196 1927 2257 Praelatos
1956 2192 2411 2271 adhortaretur,
2453 2186 2688 2253 memo-

443 2298 598 2361 ratis
625 2294 1011 2357 Antistitibus
1043 2305 1102 2355 et
1142 2294 1425 2356 Praelatis
1454 2296 1827 2376 significabat
1869 2306 1929 2357 et
1960 2294 2299 2377 explicabat
2332 2288 2688 2375 intelligen-

443 2408 644 2469 tiam.
673 2398 1076 2479 cognitionem
1109 2400 1236 2459 sive
1268 2398 1757 2461 dilucidationem
1784 2398 2217 2459 nonnullorum
2246 2398 2512 2479 capitum
2542 2418 2687 2458 sae-

441 2503 674 2588 pedicti
695 2501 1058 2564 concordati
1081 2523 1206 2562 non
1231 2500 1360 2562 sine
1387 2502 1591 2595 aliquo
1621 2503 1968 2582 sequivoco,
2012 2501 2367 2562 confusione
2388 2511 2451 2562 et
2474 2521 2687 2583 super·

443 2607 714 2678 fluitate3
755 2607 876 2666 imo
913 2603 1148 2666 Nostris
1183 2603 1448 2667 vicissim
1478 2605 1747 2666 sensibus
1781 2613 1843 2664 et
1867 2603 2116 2665 intentis
2146 2587 2390 2664 minime
2429 2623 2689 2666 consen-—

443 2719 682 2769 tanesm
713 2717 774 2768 et
803 2710 1194 2771 conformem.
1280 2707 1464 2784 Quod
1505 2727 1647 2768 sane
1680 2727 1801 2766 non
1828 2706 1954 2766 sine
1976 2705 2217 2786 paterni
2246 2705 2450 2766 cordis
2480 2705 2689 2768 Nostri

446 2809 659 2870 dolore
704 2809 1076 2892 excepimus,
1136 2830 1277 2870 cum
1311 2831 1507 2890 neque
1542 2809 1771 2871 iustitis
1803 2807 2083 2891 publicae
2116 2805 2289 2867 Fidei
2319 2829 2435 2889 pro
2478 2807 2688 2870 eodem

447 2910 829 2972 Concordsto
869 2931 983 2992 pro
1033 2911 1192 2970 bono
1225 2911 1434 2994 pacis,
1480 2923 1541 2972 et
1566 2911 2015 2976 Ecclesiasticae
2042 2907 2398 2990 disciplinse
2425 2907 2690 2970 utilitate

447 2994 604 3074 inito
635 3023 696 3072 et
719 3013 1016 3094 stipulsto
1045 3011 1274 3088 debita,
1318 3032 1514 3092 neque
1558 3013 1895 3094 Apostolici
1934 3011 2118 3072 animi
2144 3009 2347 3072 Nostri
2374 2993 2689 3072 sinceritas

445 3116 798 3198 patiuntur,
861 3119 934 3176 ut
969 3133 1078 3188 ea,
1140 3133 1294 3195 quae
1329 3113 1396 3175 in
1439 3113 1573 3208 ipso
1618 3115 1997 3176 Cenem-dato
2042 3115 2457 3192 continentur,
2514 3113 2691 3176 aliter

301 3227 316 3256 ¹
443 3210 888 3306 intelligantur,
931 3237 1112 3298 quam
1139 3217 1312 3277 iuxta
1335 3219 1545 3298 Legem
1577 3219 1739 3280 in'ter
1754 3227 1930 3300 pacta
1958 3225 2252 3278 conventa
2277 3195 2689 3278 constitutam.

619 3321 704 3380 Ea
749 3333 1003 3402 propter
1049 3329 1122 3381 ut
1164 3331 1577 3402 opportunum
1607 3317 2071 3412 praecidendis'
2051 3317 2124 3378 iis
2166 3317 2479 3395 omnibus,
2534 3338 2689 3399 quae

448 3423 546 3484 soi·
547 3433 701 3484 tasse
717 3443 792 3483 em
809 3423 1121 3485 memorati
1145 3425 1424 3501 Hem-ici,
1453 3422 1906 3506 Archiepiscopi
1923 3429 1983 3481 et
2008 3419 2231 3480 Nuncii
2248 3419 2471 3500 Nostri,
2497 3439 2691 3502 ency-

451 3525 623 3586 clicis
657 3525 850 3586 literis
879 3545 1176 3607 emergere
1205 3527 1470 3608 possint,
1514 3527 1844 3588 remedium
1886 3519 2324 3599 adhibeamus,
2340 3539 2469 3610 ιιοιι
2496 3517 2692 3582 omit-

446 3627 632 3690 timus
647 3627 940 3690 Maiestati
969 3631 1136 3690 Tuae
1159 3637 1361 3710 aperte
1385 3631 1712 3708 declarare,
1742 3637 2055 3706 nunqusm
2084 3625 2333 3685 Nostrae
2359 3623 2541 3686 fuisse
2567 3641 2689 3685 vo-

449 3729 732 3805 luntatis,
780 3741 852 3790 ut
878 3732 1319 3808 recederemus,
1359 3751 1440 3792 ne
1478 3733 1544 3792 in
1590 3725 1835 3792 minimi
1874 3729 2115 3810 quidem
2139 3737 2312 3809 parte
2336 3727 2463 3786 ab
2440 3726 2515 3787 xis
2546 3747 2691 3787 om-

451 3830 654 3909 nibus,
693 3811 844 3912 quae
870 3853 980 3912 per
1009 3833 1166 3893 idem
1193 3777 1645 3894 Coticordetiim
1684 3829 1921 3895 fuerant
1952 3841 2281 3902 conventam
2324 3828 2456 3904 imp
2476 3829 2691 3889 statui-

447 3951 585 3991 mus
619 3953 861 4016 quoque
894 3945 953 3996 et
985 3935 1368 4013 mandamus,
1412 3945 1485 3997 ut
1510 3958 1631 3997 non
1660 3937 1855 3996 solum
1890 3931 2089 3994 omnia
2128 3941 2191 3993 et
2228 3929 2497 4011 singula,
2542 3949 2693 4011 quse

335 4097 344 4108 ,
451 4029 516 4097 in
543 4033 864 4096 Maiestatis
889 4039 1048 4098 Tuse
1073 4038 1358 4116 gratiam,
1403 4047 1463 4097 et
1503 4035 1805 4119 Hispanae
1854 4035 2132 4097 Nationis
2174 4033 2496 4094 utilitatem
2534 4053 2689 4094 con-

454 4129 616 4194 cessa
634 4180 651 4211 ,
696 4135 995 4200 declarata
1025 4149 1086 4200 et
1113 4160 1278 4200 cessa
1302 4141 1549 4200 suerunt
1565 4185 1586 4218 ,
1627 4137 1889 4206 fideliter
1916 4159 1986 4198 ac
2027 4146 2323 4224 perpetuo
2348 4143 2689 4209 sex-ventum

457 4235 668 4298 vex-'um
695 4238 872 4300 etiam
899 4263 1013 4322 pro
1039 4242 1275 4320 maiori,
1317 4263 1440 4324 quo
1474 4243 1693 4303 eximia
1712 4243 1762 4302 Τ
1768 4263 1841 4302 ua
1868 4247 2004 4320 erg'a
2023 4237 2393 4301 catholicam
2420 4233 2693 4318 Religio-

453 4359 594 4398 nem
621 4341 828 4420 merita
849 4341 1306 4422 prosequimur,
1345 4344 1729 4426 Apostolicae
1766 4336 2150 4434 benignitatis
2186 4339 2551 4404 documento
2578 4337 2693 4398 de—
