2930 4963
418 425 435 456 s
968 435 985 458 ,
1278 429 1283 436 ·
1396 449 1410 462 „
1949 457 1958 466 ,
2423 377 2522 447 93‘

256 547 509 612 habitae
532 547 925 632 possessionis
966 547 1251 632 pacificae
1287 548 1476 610 totius
1514 545 1612 610 vel
1651 547 1892 611 maioris
1921 549 2114 632 partis
2159 551 2506 627 solvantur3

264 661 337 712 et
359 673 474 732 pro
504 653 704 712 media
737 663 908 734 parte
942 653 1059 716 alia
1087 653 1247 714 infra
1284 661 1626 734 sequentem
1664 673 1906 713 annum.
1991 653 2070 714 Et
2109 651 2163 712 si
2197 653 2356 713 infra
2402 673 2510 710 an·-

260 775 419 814 num
440 756 533 816 bis
562 757 661 816 vel
687 755 913 838 pluries
953 755 1343 832 vacaverint,
1386 755 1568 815 semel
1601 763 1835 815 tantum
1877 753 2178 831 solvetur-3
2223 775 2335 814 nec
2389 753 2511 814 de·-
2570 787 2576 794 ·

256 859 465 919 bitum
494 857 842 918 huiusmodi
874 861 939 918 in
964 879 1364 920 successorem
1396 857 1461 916 in
1491 857 1754 922 Ecclesia
1789 858 1887 917 vel
1913 857 2268 918 Monasterio
2294 867 2512 916 trans-

260 971 398 1022 eat:
444 963 521 1022 de
570 945 815 1022 caeteris
854 961 1287 1042 Dignitatibus,
1332 959 1787 1034 Personatibus,
1833 960 2068 1020 Officiis
2107 970 2163 1020 et
2193 957 2512 1020 Beneficiis

258 1064 677 1125 saecularibus
705 1065 1159 1144 quibuscunque
1205 1074 1264 1123 et
1300 1061 1712 1142 regularibus,
1758 1083 1908 1140 qnae
1950 1064 2305 1122 auctoritate
2339 1061 2510 1121 Sedis

258 1168 651 1250 Apostolicae
680 1167 1103 1242 conferentur,
1143 1165 1239 1224 vel
1266 1165 1339 1225 de
1374 1163 1590 1242 quibus
1621 1164 2062 1244 providebitur,
2096 1161 2510 1245 praeterquam
2605 1223 2612 1230 ,

258 1273 483 1350 vigore
506 1270 1080 1352 exspectativarum,
1125 1277 1229 1327 aut
1263 1285 1435 1324 causa
1462 1267 1920 1346 permutationis
1949 1249 2266 1326 solvantufl
2288 1267 2510 1326 Anna-

258 1383 371 1434 tae
392 1394 497 1434 seu
526 1373 705 1432 medii
741 1375 979 1434 fructus
1003 1371 1173 1430 iuxta
1199 1379 1405 1428 taxum
1432 1367 1706 1443 solitam,
1750 1390 1784 1430 a
1811 1378 2082 1449 tempore
2111 1367 2504 1450 possessionis

256 1475 435 1537 infra
475 1497 731 1555 sunum,
776 1484 835 1534 et
876 1473 1141 1534 debitum
1180 1471 1538 1532 huiusmodi.
1572 1470 1637 1529 in
1674 1488 2072 1530 successorem
2105 1469 2170 1529 in
2204 1469 2504 1530 Beneficio

258 1599 401 1640 non
435 1577 715 1639 transeat.
796 1577 887 1638 De
914 1573 1227 1636 Beneficiis
1268 1593 1447 1648 vern,
1503 1591 1658 1652 quae
1691 1573 1958 1632 valorem
1995 1571 2210 1651 viginti
2248 1573 2510 1654 quatuor

258 1682 667 1742 florenorum
710 1680 783 1767 dp
810 1679 1055 1738 Camera
1106 1699 1231 1738 non
1268 1676 1598 1753 excedunt,
1641 1673 1798 1735 nihil
1837 1676 2139 1754 solvatur,
2183 1686 2508 1756 curratque

256 1783 421 1846 haec
458 1783 833 1844 observantia
882 1781 1195 1862 deinceps,
1242 1780 1358 1840 nisi
1398 1800 1529 1841 eam
1560 1777 1835 1841 similiter
1873 1777 1942 1838 in
1978 1778 2185 1838 'futuro
2237 1777 2510 1860 Concilio

262 1885 349 1948 de
376 1906 672 1946 consensu
694 1884 956 1944 nationis
982 1883 1288 1945 immutari
1328 1883 1651 1961 contingat.

440 1990 513 2050 In
541 1989 672 2050 aliis
696 1999 926 2065 autem,
973 2007 1125 2068 quae
1150 2005 1261 2067 per
1292 1969 1485 2046 felicis
1529 1983 1968 2046 recordationis
1994 1982 2330 2061 ‚Dominum
2373 1985 2506 2044 Eu-

260 2096 553 2177 genium,
597 2093 855 2173 Papam,
900 2101 1227 2170 quartum,
1270 2109 1384 2170 pro
1416 2087 1658 2148 natione
1683 2087 1945 2170 praefata
1964 2132 1984 2163 ,
2027 2104 2212 2163 usque
2247 2084 2324 2144 ad
2351 2093 2508 2144 tem-

264 2217 387 2279 pus
420 2195 615 2256 futuri
651 2192 941 2274 generalis
995 2191 1251 2252 Concilii
1286 2191 1608 2272 permissa,
1660 2209 1968 2263 concessa,
2034 2187 2300 2246 indulta
2326 2196 2508 2268 atque

266 2297 546 2375 decreta,
572 2307 650 2366 et
673 2315 787 2378 per
808 2303 1200 2356 memoratum
1231 2292 1672 2378 sanctissimum
1715 2290 2035 2350 Dominum
2065 2300 2342 2352 nostrum
2379 2291 2506 2362 Pa-

266 2421 415 2483 pam
442 2385 775 2460 ,Nic-olbam
806 2395 1155 2456 confirmata
1191 2397 1385 2472 suere,
1408 2393 1476 2452 in
1504 2387 1792 2472 quantum
1815 2393 1922 2454 illa
1939 2393 2307 2454 Concordiae
2326 2413 2508 2476 prae-
2586 2473 2592 2477 ξ

268 2502 430 2575 senti
463 2520 587 2561 non
613 2500 891 2574 obviant,
932 2500 1084 2560 ista
1124 2497 1303 2555 vice
1344 2494 1556 2555 nihil
1599 2496 1880 2556 extitit
1921 2497 2422 2559 immutatum.

438 2602 653 2663 Voluit
684 2601 861 2661 etiam
889 2608 1251 2659 memoratus
1276 2598 1568 2659 Dominus
1593 2600 1844 2675 Legata·
1868 2642 1888 2673 ,
1935 2596 2100 2678 quod
2121 2616 2306 2678 super
2333 2598 2508 2658 Con-

218 2749 229 2775 ,
272 2678 536 2762 cordatis
584 2702 1033 2781 praesentibus,
1088 2698 1308 2778 singuli
1352 2698 1804 2779 metropolitani
1838 2700 2183 2779 praedictae
2222 2701 2506 2780 nationis,

264 2804 613 2887 petentibus
642 2804 1101 2883 quibuscunque
1118 2803 1153 2880 ,²
1194 2807 1484 2880 quantum
1523 2820 1676 2880 opus
1719 2801 1802 2862 eis
1844 2800 2177 2880 videbitur,
2221 2802 2332 2863 sub
2378 2804 2508 2867 suis

266 2908 481 2986 sigillis
516 2915 878 2966 transsumta
920 2902 1247 2963 concedere
1282 2903 1562 2977 valeant,
1627 2902 1908 2983 quodque
1953 2904 2332 2964 transsumtis
2379 2906 2507 2965 eis-

270 3010 409 3069 dem
435 3009 499 3067 in
522 3007 751 3068 iudicio
793 3016 853 3069 et
886 3016 1055 3066 extra
1082 3014 1273 3065 stetur
1301 3014 1361 3065 et
1384 3005 1772 3081 adhibeatur,
1814 3014 2116 3084 tamquam
2141 3004 2290 3067 huic
2317 3008 2507 3089 origi·-

262 3112 397 3173 nsli
428 3110 670 3171 chartae
684 3155 702 3186 ‚
742 3130 855 3191 per
881 3108 1081 3169 omnia
1107 3106 1283 3188 plena
1310 3106 1480 3171 fides.
1521 3108 1638 3167 Per
1659 3107 1778 3167 hoc
1805 3117 2034 3185 autem,
2062 3109 2226 3189 quod
2253 3112 2319 3170 in
2341 3112 2506 3171 Con-

267 3214 533 3277 cordatis
564 3210 930 3287 huiusmodi,
956 3210 1083 3271 sive
1109 3210 1421 3296 quibusvis
1449 3209 1584 3283 aliis
1613 3229 1816 3271 eorum
1843 3212 2154 3271 occasione
2181 3213 2504 3275 conficien-

268 3318 364 3379 dis
408 3316 645 3391 literis‚
701 3324 952 3397 propter
993 3314 1524 3394 ‚competentiorem
1580 3311 2042 3393 descriptionem
2099 3314 2506 3377 Alamanis

270 3418 549 3500 specialis
576 3416 913 3498 appellatur
940 3414 1137 3488 natio,
1178 3416 1307 3496 ipsa
1340 3414 1568 3475 censeri
1595 3436 1721 3475 non
1748 3415 1924 3475 debet
1957 3438 1990 3475 s
2022 3416 2376 3493 Germanica
2399 3440 2504 3479 na·
2579 3478 2605 3496 ‚

268 3522 435 3582 tione
475 3520 788 3595 distincta,
848 3538 955 3577 seu
1000 3516 1450 3597 quomodolibet
1493 3526 1784 3596 separata.
1871 3519 1964 3579 Ad
2003 3518 2184 3579 fidem
2217 3516 2404 3597 igitur
2445 3530 2506 3581 et

266 3604 475 3685 robur'
515 3622 783 3683 omnium
836 3624 1295 3701 praemissorum
1340 3620 1393 3679 N
1406 3640 1443 3679 o
1460 3640 1490 3678 s
1557 3620 1695 3677 Fri
1715 3616 1886 3676 der-i
1902 3604 1991 3677 c'u
2005 3640 2038 3675 s
2053 3664 2074 3697 ,
2137 3622 2190 3683 R
2205 3642 2240 3680 o
2255 3640 2316 3681 m
2331 3644 2367 3683 a
2383 3644 2422 3683 n
2439 3644 2504 3683 ο-

215 3742 227 3747 ·
266 3744 431 3783 rum
474 3724 664 3795 Rex,
723 3732 782 3784 et
818 3722 872 3782 N
895 3744 975 3781 os
1034 3722 1401 3798 Ioannes,
1444 3716 1922 3781 -Cardinalis
1963 3721 2294 3799 Legatus
2321 3767 2340 3797 ,
2397 3744 2504 3785 su·-

264 3824 527 3909 pradicii
546 3868 567 3899 ,
594 3822 863 3885 chartam
890 3834 1259 3906 praesentem
1293 3824 1521 3885 Nostris
1555 3823 1834 3905 appensis
1873 3823 2290 3889 mandavimus
2311 3832 2506 3889 'com-⁶
2565 3865 2572 3875 =

263 3928 495 3990 muniri
523 3927 751 4008 sigilli..
835 3929 933 3989 Ad
958 3912 1307 3990 mandatdm
1336 3928 1574 3987 nomini
1603 3928 1778 4005 Regis
1801 3926 1868 3986 in
1907 3926 2188 3991 consilio.

1515 4028 1608 4112 (L.
1651 4028 1744 4109 S.)
1868 4030 1956 4108 (L.
2001 4028 2092 4113 δ’.)
