2930 4963
394 353 517 422 108

388 532 625 604 posset,
666 522 833 602 quod
858 539 1018 582 unus
1046 519 1395 581 Curtisanus
1422 515 1664 600 ineptus
1693 527 1756 578 et
1781 517 2098 592 barbarus,
2145 505 2626 600 ad'psallendum
2710 590 2721 600 „

388 634 450 682 et
479 624 557 684 ad
584 623 1043 684 sacrificandum
1072 643 1197 682 non
1222 625 1403 702 magis
1436 609 1614 701 a‘ptus
1651 643 1832 702 quam
1873 643 2130 702 onager,
2181 623 2368 682 immo
2419 622 2624 680 asinus

388 725 583 806 palam
603 747 638 784 a
660 745 773 786 suo
814 725 1127 786 notissimo
1170 734 1233 784 et
1276 723 1635 784 amicissimo
1683 705 2046 804 appellatus,
2089 725 2154 808 in
2221 723 2368 782 otio·
2387 723 2624 798 vivens,

384 827 565 907 plura
594 835 919 907 utcunque·
930 826 1281 906 conquirere
1306 833 1512 907 potest
1535 825 1892 902 sacerdotia,
1925 837 2104 904 quam
2137 825 2354 884 eximie
2385 823 2623 892 doctus.

386 929 465 989 ad
499 947 629 990 rem
676 929 977 1005 divinam,
1034 929 1111 990 ad
1148 927 1603 1004 contentiones,
1643 925 1722 986 ad
1767 927 2264 1006 consultandum,
2307 947 2626 994 sacrosan-0
2658 935 2677 942 ’

382 1042 663 1112 ctamque
685 1031 1019 1092 Ecclesiam
1030 1033 1357 1090 Romanam
1380 1013 1820 1090 rationabiliter
1835 1030 2254 1090 defensandam
2273 1075 2292 1105 ,
2325 1048 2452 1088 non
2483 1047 2638 1108 me·-⁶

384 1133 675 1194 diocriter
696 1133 1201 1192 accommodatus.
1286 1133 1622 1207 Praeterea,
1667 1131 1830 1211 quod
1859 1136 2052 1214 pistor
2079 1141 2182 1192 aut
2227 1151 2439 1216 cocus,
2479 1131 2622 1192 leno

382 1244 488 1296 aut
527 1235 779 1310 nebulo,
824 1234 1007 1294 immo
1048 1218 1219 1318 (cum
1246 1234 1445 1312 venia)
1489 1233 1804 1294 catamitus
1823 1279 1840 1312 ‚
1897 1233 2128 1315 opimas
2158 1233 2525 1293 Praebendas
2563 1241 2628 1293 et

312 1339 326 1360 ⁸
386 1337 709 1399 Parochias
750 1355 1087 1416 occupans,
1144 1338 1279 1416 plus
1310 1336 1694 1396 emolumenti
1737 1355 1816 1396 ex
1847 1336 2072 1396 Christi
2097 1334 2460 1417 patrimonio
2511 1333 2624 1392 ab·

386 1439 625 1516 sorbet,
668 1457 847 1518 quam
872 1439 1371 1500 laboriosissimus
1402 1447 1461 1496 et
1485 1437 1863 1497 fidelissimus
1891 1457 2138 1518 magnae
2167 1436 2488 1498 Perochiae
2515 1455 2622 1495 cu-

386 1541 645 1622 iuspiam
689 1541 1017 1622 populosae
1066 1550 1299 1620 rector,
1360 1561 1500 1604 cum
1543 1540 1668 1602 suis
1713 1539 2182 1620 vigilantissimis
2225 1540 2622 1616 adiutoribus,

384 1644 569 1706 immo
604 1643 783 1706 etiam
814 1643 1175 1723 capellanis,
1220 1642 1327 1722 qui
1365 1641 1604 1702 eosdem
1648 1642 1948 1704 adiutores
1979 1644 2046 1702 in
2073 1643 2486 1704 ministrandis
2515 1643 2622 1701 Sa-

386 1744 741 1822 oramentis,
784 1743 1215 1824 audiendisque
1246 1739 1730 1804 confessionibus
1765 1744 2290 1825 occupatissimos,
2334 1746 2418 1826 in,
2441 1745 2623 1828 Horis

336 1911 343 1924 ,
388 1848 691 1911 canonicis
714 1891 731 1922 ,
780 1847 975 1910 Missis
1009 1855 1068 1908 et
1097 1844 1327 1924 Vigiliis
1352 1847 1664 1908 cantandis
1689 1847 1979 1908 adiuvant
1999 1849 2361 1910 ebrelevant.
2401 1849 2622 1908 Huius·

360 1951 621 2032 'cemodi
644 1951 979 2028 relevamen
1010 1957 1069 2010 et
1096 1947 1461 2010 adiutorium
1497 1969 1606 2029 per
1635 1969 1741 2010 sex
1775 1949 2123 2030 capellanos
2159 1950 2226 2010 in
2269 1951 2464 2032 patria
2500 1971 2620 2010 no·-

384 2063 483 2116 tra
514 2063 799 2134 perpetuo¹
830 2049 1305 2114 continuandum
1336 2069 1684 2130 speramus,
1733 2059 2052 2130 postquam
2083 2053 2302 2137 unione
2339 2054 2497 2114 facta
2541 2027 2637 2114 ex⁸

254 2181 261 2188 ·
386 2156 757 2235 benignitate
792 2161 1207 2212 sacrosanctae
1240 2152 1411 2212 Sedis
1445 2153 1856 2233 Apostolicae,
1912 2153 2012 2214 lus
2059 2155 2430 2235 capellanias
2470 2155 2618 2216 istas

386 2258 735 2320 conferendi
784 2257 849 2316 in
896 2253 1173 2316 consules
1214 2252 1580 2334 reipublicae
1617 2265 1861 2318 ‚nostrae
1904 2255 1970 2314 in
2012 2257 2280 2338 utrisque
2319 2257 2618 2320 mensibus

300 2419 305 2426 .
352 2342 743 2424 ⁸‘translatum
774 2367 863 2418 est
880 2404 899 2434 ,
950 2357 1055 2436 qui
1086 2355 1271 2416 nullis
1298 2359 1512 2420 amodo
1541 2360 1878 2433 conferent,
1921 2357 2036 2418 nisi
2079 2359 2162 2417 eis
2197 2359 2298 2438 qui
2327 2379 2618 2440 persona·-

380 2465 523 2527 liter
548 2463 906 2538 residentes,
950 2459 1229 2523 divinum
1260 2459 1526 2524 officium
1563 2459 1904 2557 impleturi,
1951 2469 2010 2521 et
2047 2461 2278 2523 ultimis
2319 2461 2618 2523 fundato-

378 2588 519 2630 rum
546 2564 966 2629 voluntatibus
992 2572 1137 2623 sunt
1160 2564 1548 2625 satisfacturi.
1612 2534 1866 2623 Multum
1899 2584 2136 2643 quoque
2165 2565 2245 2624 ad
2271 2562 2616 2625 institutum

382 2672 734 2729 Caesareum
777 2668 1053 2727 conferre
1094 2686 1267 2749 posse
1300 2666 1542 2726 videtur
1581 2664 2080 2725 christianissima
2121 2668 2620 2753 Reverendissimi

380 2771 622 2833 Domini
650 2767 961 2845 Ethardi,
1006 2768 1345 2828 Leodiensis
1374 2766 1697 2848 Episcopi,
1735 2768 2068 2829 admonitio
2111 2770 2370 2831 habita
2349 2792 2416 2830 m
2446 2746 2618 2831 Con-

378 2882 567 2935 ventu
596 2869 939 2950 Principum
976 2870 1320 2949 Augustano
1337 2913 1356 2947 ‚
1386 2890 1546 2931 anno
1575 2870 1805 2933 decimo
1831 2872 2054 2933 octavo
2079 2884 2220 2955 post
2239 2872 2618 2935 millesimum

380 2986 443 3037 et
470 2973 1029 3057 quingentesimum,

380 3120 879 3221 Maximilianus,
904 3145 1147 3205 Divina
1175 3143 1435 3205 Favente
1465 3144 1814 3219 Clementia,
1841 3146 2122 3205 Romano
2090 3168 2267 3207 orum
2283 3146 2617 3229 Imperator
2733 3206 2750 3226 ,

316 3250 325 3265 ’
382 3252 623 3333 Semper
654 3244 1023 3329 Augustus,
1066 3246 1474 3324 Honorabili,
1521 3250 1789 3328 DevotO,
1839 3252 1920 3311 N
1919 3250 2037 3309 absa
2065 3252 2346 3329 Dilecw,
2393 3252 2614 3313 Iacobo

536 3350 653 3411 W
628 3348 998 3433 mplselmgo
1011 3393 1031 3427 ,
1076 3338 1543 3427 δἐἰτείᾳιίἰεηεί,
1587 3352 1646 3413 S.
1690 3352 2040 3433 leeologiae
2064 3354 2441 3432 Fufia-sori,

1086 3446 1101 3463 ³
1193 3452 1524 3511 Familias-i
1577 3454 1822 3513 Nostro.

546 3586 961 3659 Honorabilis,
1004 3550 1219 3649 devote
1228 3629 1251 3659 ,
1294 3586 1554 3666 dilecte,
1594 3589 1886 3651 mittimus
1923 3590 1994 3651 in
2022 3592 2494 3673 praesentiarum
2535 3592 2615 3653 ad

374 3692 461 3754 Te
490 3690 887 3753 Secretarium
914 3690 1232 3766 Nostrum,
1280 3710 1415 3751 cum
1447 3692 1814 3772 pragmatica.
1847 3694 2168 3755 Sanctione
2194 3695 2380 3776 Regni
2415 3696 2642 3757 Fra'nr

374 3796 535 3873 cias,
568 3793 1089 3873 commisimusque
1130 3793 1185 3852 ei
1216 3792 1353 3853 Tibi
1388 3776 1610 3863 Nostro
1657 3797 1902 3857 nomine
1945 3798 2238 3859 nonnulla
2283 3796 2611 3861 referenda.

373 3898 543 3971 Quae
566 3916 706 3957 cum
743 3914 819 3955 ex
848 3903 1045 3955 mente
1081 3862 1830 3985 Nostrsrproficiseantun
1877 3899 2306 3980 cupiamusque
2343 3901 2612 3979 omnino,
2667 3875 2675 3885 Ι

369 3992 805 4059 interveniente
836 4012 1019 4077 opera
1066 4007 1127 4057 et
1153 3998 1451 4062 industria
1499 4001 1658 4073 Tua,
1715 4002 1784 4063 in
1817 4002 2038 4069 talibus
2081 4004 2264 4063 Nobis
2299 4002 2614 4064 satisfieri·

368 4100 507 4165 ideo
532 4100 987 4177 hortamuru‘re,
1030 4108 1089 4161 et
1116 4120 1229 4180 per
1252 4100 1492 4161 Tuam
1473 4122 1542 4161 m
1569 4102 1692 4163 Nos
1733 4113 1794 4163 et
1825 4125 2068 4168 sacrum
2115 4076 2448 4167 Romanum
2477 4105 2614 4165 Im-

297 4262 305 4273 ,
369 4202 647 4285 perium
676 4201 1113 4263 observantiam
1186 4208 1395 4282 (quam
1441 4206 1748 4285 opusculis
1797 4216 1860 4267 et
1893 4206 2416 4269 lucubrationibus
2469 4208 2614 4271 Tuis

368 4304 721 4367 iamdudum
748 4300 1067 4365 habuimus
1090 4301 1487 4391 compertam)
1507 4308 1862 4389 requirimus
1875 4356 1896 4389 ,
1937 4320 2008 4373 ut
2029 4332 2158 4375 non
2187 4310 2372 4373 modo
2397 4312 2614 4373 Secre-
