2930 4963
2289 365 2516 454 ἰω

432 552 588 614 Cum
612 549 969 633 itaquepei·
998 551 1209 614 lium
1250 549 1453 614 felicia
1485 543 1926 616 recordatiouis
1967 549 2250 632 Νἰοσὶιί,
2295 553 2513 636 Papae,

254 657 481 734 quiem,
518 654 751 716 nationi
770 654 1165 715 Germanicae
1182 671 1299 738 pro
1320 655 1490 716 illius
1515 655 1744 716 unione
1767 665 1828 719 et
1849 655 2176 716 concordia
2207 675 2346 718 eum
2364 658 2516 720 Sede

255 756 605 838 Apostolica
642 757 805 816 inter
832 756 949 816 alia
980 759 1379 828 concedatur,
1424 764 1497 817 ut
1527 759 1761 838 quoties
1791 759 1996 839 aliquo
2029 770 2288 820 vacante
2313 761 2516 822 Bene·-

250 857 409 922 fieio'
433 858 875 938 eeclesiastico,
918 859 985 920 in
1012 859 1315 920 mensibus
1342 860 1640 937 Ianuarii,
1683 860 1914 934 Martii,
1949 861 2348 952 ·Maii,‘1ulii,
2391 863 2516 922 Se·-

250 959 551 1040 ptembris
578 967 639 1018 et
666 960 1053 1040 Novembris,
1097 962 1163 1021 in
1196 964 1412 1044 quibus
1464 963 1813 1024 vacantium
1865 964 2218 1024 Germaniae
2257 965 2548 1033 Benefi-,

252 1061 493 1122 ciorum
524 1061 1065 1126 ecelesiasticorum
1096 1065 1407 1144 dispositio
1436 1063 1634 1124 dietae
1669 1066 1806 1124 Sedi
1836 1060 2176 1146 specialiter
2204 1075 2514 1128 reservata

249 1175 379 1240 est,
411 1183 536 1223 non
556 1165 901 1245 apparuerit
929 1167 1087 1227 intra
1118 1178 1238 1227 tres
1268 1185 1500 1225 menses
1531 1187 1566 1224 a
1589 1167 1686 1226 die
1709 1179 1889 1230 notae
1913 1171 2250 1231 vacationis
2277 1171 2344 1230 in
2369 1172 2512 1231 loco

246 1267 570 1345 Beneficii,
618 1269 781 1346 quod
815 1269 998 1329 alicui
1028 1269 1105 1328 de
1126 1270 1237 1328 illo
1258 1269 1602 1348 Apostolica
1629 1271 1982 1332 auctoritate
2010 1273 2327 1353 provisum
2363 1274 2518 1334 fue-

114 1398 121 1408 ·
244 1371 373 1447 rit,
430 1391 507 1430 ex
546 1379 696 1430 tunc
730 1379 793 1430 et
825 1391 949 1430 non
994 1381 1166 1432 antea
1194 1372 1594 1448 ordinarius,
1645 1373 1744 1432 vel
1787 1373 1970 1450 alius,
2013 1375 2092 1434 ad
2132 1394 2310 1455 quom
2327 1371 2514 1442 illius

246 1473 569 1554 dispositio
598 1473 897 1554 pertinet,
938 1474 1014 1534 de
1046 1475 1155 1534 ino
1184 1475 1519 1556 disponere
1537 1475 1764 1556 possit,
1808 1483 1868 1534 et
1896 1495 2326 1556 saepenumero
2353 1485 2514 1538 con-

244 1575 473 1654 tingat,
518 1585 589 1634 ut
616 1577 1289 1658 antequaminquisitio‚
1316 1597 1496 1658 quam
1523 1579 1884 1658 plerumque
1909 1580 2087 1640 etiam
2111 1580 2178 1638 in
2199 1588 2506 1642 eonem-su

242 1679 559 1760 plurium,
606 1679 733 1738 sive
762 1679 827 1738 in
861 1681 1163 1761 partibus,
1207 1680 1335 1741 sive
1362 1681 1526 1762 apud
1553 1679 1778 1740 dietam
1811 1681 2020 1739 Sedem
2039 1725 2060 1757 ,
2102 1681 2230 1742 fieri
2259 1691 2510 1762 oportet

244 1783 321 1842 in
350 1770 578 1859 vi'tnm,
624 1800 821 1842 mores
852 1793 910 1843 et
938 1783 1281 1844 doctrinam
1310 1803 1550 1861 eorum,
1595 1771 1820 1862 quibus
1856 1782 1932 1844 de
1971 1783 2148 1842 dictis
2188 1783 2508 1846 Beneficiis

243 1903 365 1966 per
388 1883 601 1944 Sedem
630 1884 879 1944 eandem
916 1885 1359 1964 providendum
1400 1895 1529 1962 est,
1587 1885 1877 1964 compleri
1909 1885 2139 1965 possit,
2194 1896 2304 1946 aut
2335 1898 2510 1947 ante-

246 2005 433 2067 quam
458 1987 535 2048 de
567 1987 714 2070 ipsis
744 1986 1201 2067 provisionibus·
1224 2003 1331 2049 seu
1361 1930 1800 2063 deuiandatis,
1847 2007 2000 2066 quae
2043 1987 2120 2046 ad
2149 1987 2510 2091 inquisitio·-
2543 2043 2563 2054 ,

244 2105 357 2149 nes
387 2099 449 2150 et
472 2089 853 2171 provisiones
876 2087 1223 2150 huiusmodi
1250 2091 1550 2152 faciendas
1577 2090 1654 2150 ab
1685 2090 1890 2150 eadem
1923 2091 2074 2150 Sede
2097 2057 2508 2171 impetrantur

244 2194 347 2252 vel
370 2203 539 2254 motu
560 2193 812 2273 proprio
838 2191 1221 2272 procedunt,
1264 2193 1475 2254 literae
1509 2191 1888 2270 Apostolicae
1921 2192 2364 2273 conficiantur,
2397 2195 2504 2256 vel

244 2295 429 2356 etiam
462 2303 779 2375 antequam
808 2295 1089 2354 mandata
1130 2296 1261 2376 ipsa
1302 2317 1339 2354 a
1370 2293 1677 2355 iudicibus
1699 2337 1718 2370 ,
1759 2293 1842 2352 ad·
1881 2313 2032 2372 quos
2077 2295 2305 2356 directa
2325 2307 2502 2374 ‘sunt,

242 2399 619 2487 recipiantur
642 2397 741 2458 vel
764 2408 1005 2479 recepta
1036 2399 1468 2478 expediantur,
1511 2396 1818 2456 interdum
1849 2405 2090 2476 quoque
2107 2397 2311 2458 literis
2329 2400 2504 2480 Apo·

241 2500 477 2561 aeolicis
516 2502 849 2582 expeditis,
916 2510 975 2561 et
1012 2502 1201 2580 gratia
1244 2500 1597 2583 purificata,
1668 2508 1774 2559 seu
1829 2500 2128 2561 mandatis
2171 2502 2504 2583 praedictis

240 2606 535 2684 receptis,
581 2614 639 2663 et
662 2604 1055 2685 inquisitione
1098 2604 1427 2684 completa,
1485 2612 1805 2681 antequam
1841 2602 2188 2663 omnimoda
2215 2605 2504 2667 executio

240 2708 630 2789 perficiatur,
670 2716 927 2789 propter
950 2702 1184 2768 dive‘rsa
1208 2704 1665 2787 impedimenta,
1713 2726 1868 2786 quae
1895 2707 2250 2787 frequenter
2269 2726 2502 2769 sucee-

243 2811 440 2886 dunt,
481 2818 733 2891 ‘tempus
769 2812 957 2872 trium
996 2800 1323 2885 mensium,
1372 2828 1451 2869 ex
1491 2828 1615 2887 quo
1655 2809 1892 2869 vacatio
1921 2810 2208 2871 Beneficii
2247 2811 2313 2871 in
2351 2812 2499 2875 loeo

238 2914 433 2995 ipsius
456 2924 598 2975 nota
646 2920 733 2973 est
747 2962 769 2991 ,
814 2914 1111 2993 exspiret,
1173 2930 1245 2971 ae
1288 2899 1542 2992 pr'oinde
1581 2912 1888 2972 ordinarii
1917 2912 2198 2973 locorum
2237 2922 2342 2975 aut
2371 2914 2500 2992 alii,

240 3017 319 3077 ad
348 3034 503 3097 quos
533 3016 745 3076 talium
774 3014 1209 3075 Beneficiorum
1234 3012 1576 3095 dispositio,
1609 3000 1976 3077 cessantibus
2003 3015 2370 3095 Apostolicis
2399 3036 2500 3077 re-

238 3118 715 3191 servationibus,
770 3119 1065 3199 pertinet,
1105 3118 1277 3199 lapso
1328 3126 1604 3197 tempore
1654 3120 1963 3197 praedicto
1979 3162 2001 3195 ‚
2059 3118 2234 3195 licet,
2291 3118 2498 3199 prius·-

238 3240 417 3301 quam
446 3220 604 3281 illud
634 3222 965 3300 laberetur,
1010 3220 1377 3303 provisionis
1416 3222 1544 3280 sive
1576 3218 1820 3281 alterius
1853 3194 2266 3302 dispositionis
2309 3221 2396 3281 de·
2417 3222 2500 3281 il·-

236 3324 313 3385 lis
337 3347 374 3384 a
410 3324 573 3385 dieta
600 3326 751 3386 Sede
778 3326 899 3385 iam
934 3326 1121 3404 gratia
1159 3325 1316 3383 facta
1350 3323 1564 3401 fuerit,
1629 3324 1814 3402 (quod
1853 3324 2056 3405 ipsum
2097 3326 2174 3383 ad
2209 3322 2500 3385 trihueu-

238 3428 383 3489 dum
419 3438 479 3488 et
507 3429 914 3509 quaerendum
944 3427 1039 3487 ius
1068 3428 1211 3487 satis
1238 3444 1538 3507 superque
1573 3444 1700 3485 esse
1731 3436 1895 3485 certa
1916 3486 1920 3490 ,
1939 3420 2090 3487 iuris
2115 3426 2496 3505 interpreta-

234 3530 401 3591 tione
430 3530 775 3610 frequenter
814 3532 1183 3591 declaratum
1224 3530 1341 3606 est)
1399 3528 1505 3587 illa
1546 3536 1748 3588 tamen
1792 3530 2066 3601 conferre
2101 3528 2493 3591 contendant.

236 3633 371 3715 Qua
404 3634 681 3701 de-eausa
707 3633 917 3693 multis
946 3629 1239 3709 religione
1276 3639 1335 3690 et
1360 3630 1581 3711 pietate
1607 3630 1970 3709 insignibus,
2005 3631 2251 3711 quaudo
2285 3630 2330 3690 ii
2355 3640 2498 3712 post

234 3744 543 3796 ostensum
575 3736 821 3797 virtutis
852 3742 911 3796 et
943 3734 1257 3795 doetrinae
1291 3754 1433 3793 suae
1462 3734 1800 3815 specimen,
1840 3744 2018 3813 atque
2047 3732 2189 3793 inde
2221 3752 2496 3795 emensos
2557 3774 2562 3779 -

230 3838 468 3899 labores
496 3848 559 3899 et
588 3848 900 3936 sumptus,
940 3838 1255 3900 Beneficiis
1286 3836 1472 3920 potiri
1512 3836 1825 3914 deberent,
1871 3836 1974 3896 alii
1999 3844 2496 3941 praeoccupato-

227 3961 327 4003 res
356 3940 615 4003 obtentu
644 3919 981 4005 ordinariae
1004 3940 1340 4011 collationis
1372 3938 1718 4001 huiusmodi
1745 3950 1954 4001 contra
1979 3928 2395 4003 adversantur.

402 4045 527 4106 Nos
555 4044 873 4127 indignum
901 4045 1059 4122 rati,
1107 4046 1272 4126 quod
1299 4044 1586 4126 temporis
1624 4062 1819 4120 mora,
1866 4063 2047 4123 quam
2089 4039 2166 4102 ad
2196 4056 2494 4123 perscru-

228 4148 487 4211 tandum
516 4149 852 4210 accuratius
876 4148 1089 4209 talium
1112 4147 1476 4230 probitatem
1494 4190 1514 4225 ,
1569 4146 1927 4207 industriam
1959 4152 2020 4205 et
2045 4143 2162 4207 alia
2195 4144 2493 4227 requisita

234 4251 608 4313 intercedere
624 4272 741 4335 pro
754 4251 1013 4313 utilitate
1026 4250 1329 4313 Ecclesiae
1338 4270 1576 4312 necesse
1595 4260 1715 4328 est,
1759 4250 1964 4310 locum
1978 4246 2218 4309 iniuriis
2236 4246 2488 4331 spei-iat,-

230 4354 737 4437 attendentesque
764 4356 946 4422 verba
978 4353 1327 4442 praedictas
1376 4354 1457 4419 in
1497 4354 1675 4417 leco
1700 4349 2119 4439 'Benefieiss
2157 4369 2302 4417 eum
2335 4370 2486 4416 ver-
