2930 4963
382 330 509 398 104
930 383 935 386 .
1297 374 1331 384 -
1410 295 1423 306 ’
1913 399 1953 410 -

340 485 346 496 ’
377 496 545 558 vitae
563 451 873 560 bonestate
912 500 1312 580 conspicuus,
1355 497 1637 576 Tuseque
1677 495 1970 561 Maieststi
2005 497 2282 578 cognitus
2293 505 2326 576 ,'
2355 519 2482 558 non
2515 499 2616 560 in*

376 601 531 660 utile·
566 600 869 678 quoddam
894 601 1121 662 bestiae
1156 611 1263 660 aut
1292 597 1589 678 coquinae
1631 597 2037 678 mancipium,
2075 600 2184 660 sed
2216 621 2411 680 neque
2453 601 2616 676 leno,

376 721 569 780 neque
601 702 945 780 catamitus,
988 703 1139 762 liber
1164 712 1223 762 et
1249 702 1482 761 alienus
1506 722 1542 760 a
1565 699 1832 768 scientiis
1857 709 1916 760 et
1937 700 2186 782 pietate,
2227 703 2418 764 eidem
2445 723 2619 784 prae-

374 803 675 868 ficeretur.
760 805 925 865 Tuae
956 804 1123 866 enim
1160 801 1486 876 Maiestati,
1531 803 1882 883 cunctisque
1908 804 2049 866 Tuis
2086 806 2155 866 in
2195 805 2456 886 Imperio
2489 807 2620 866 Ro-

372 925 552 964 mano
581 906 1067 980 Successcribus,
1124 925 1320 966 mores
1360 913 1423 964 et
1469 902 1681 966 merita
1724 925 2118 984 personarum
2151 907 2330 986 longe
2371 906 2618 986 clarius,

182 989 201 1016 ⁷
259 1067 268 1072 ,
375 1029 556 1088 quam
605 1009 827 1068 exteris
860 1008 1187 1086 gratiarum
1241 1005 1750 1086 dispensatoribus
1787 1016 2086 1088 poterunt
2113 1029 2240 1070 esse
2279 1011 2620 1073 manifesta·

2747 607 2781 638 X

369 1109 493 1170 Sed
532 1112 591 1169 et
622 1104 739 1170 h'oc
770 1130 1009 1190 quoque
1036 1112 1157 1170 Deo
1184 1110 1590 1188 gratissimum
1609 1153 1628 1186 ,
1671 1109 1980 1172 animabus
2009 1111 2420 1187 salutiferum,
2451 1112 2620 1173 Tus·
2735 1119 2748 1126 ”

374 1221 575 1270 autem
602 1210 944 1270 Maiestati'
926 1232 992 1270 in
1020 1211 1243 1293 primis
1268 1209 1676 1274 honorificum
1701 1212 1900 1274 visum
1927 1223 2052 1288 est,
2097 1214 2150 1273 si
2173 1233 2208 1272 a
2235 1219 2620 1274 sacrosancta
2673 1247 2678 1250 ·

373 1313 525 1374 Sede
584 1313 926 1394 Apostolica
967 1312 1045 1373 de
1098 1315 1474 1392 quorundam
1537 1313 1824 1376 abusibus
1893 1314 2218 1376 erudienda
2273 1313 2621 1388 inviolabili

370 1415 499 1494 lege
522 1415 908 1495 impetrares,
960 1437 1039 1476 ne
1076 1415 1357 1497 deinceps
1398 1416 1744 1496 quicunque
1783 1419 1884 1478 vel
1921 1418 2108 1488 natali
2151 1415 2476 1502 obsoni-m,
2517 1414 2621 1478 vel

372 1517 644 1616 omnium
676 1517 973 1578 bonarum
1004 1519 1315 1580 literarum
1342 1513 1793 1580 indoctissimus
1815 1567 1833 1595 ,
1877 1529 2089 1582 contra
2123 1519 2392 1580 divinam
2431 1528 2639 1579 natm·

371 1604 677 1699 talemque
714 1620 937 1700 legem,
992 1629 1322 1701 contraque
1364 1613 1795 1682 sacratissimos
1831 1621 2134 1697 canones,
2195 1623 2318 1682 duc
2355 1632 2464 1684 aut
2495 1620 2618 1682 tria

372 1721 705 1782 sacerdotia
746 1723 857 1785 sub
878 1743 1008 1782 ‘uno
1040 1732 1201 1784 tecto
1222 1767 1241 1800 ,
1278 1732 1411 1784 -tres
1475 1733 1544 1784 ut
1579 1733 1836 1804 quatuor
1875 1723 2245 1784 Praebendas
2281 1727 2618 1799 antonno-.-

166 1867 193 1890 0
234 1895 245 1902 ,
316 1901 325 1910 .
370 1823 605 1885 nicatm
641 1825 711 1884 in
764 1825 1017 1886 diversis
1051 1818 1331 1904 collegiis
1366 1825 1525 1903 intra
1568 1825 1770 1886 eadem
1807 1825 2062 1888 Romani
2101 1827 2343 1908 Imperii
2381 1813 2618 1891 moenis

371 1925 544 2003 sitis,
589 1927 960 2010 totidemque
998 1929 1251 2010 pingues
1300 1925 1656 2003 Perochiam,
1731 1929 2133 2008 qualicunque
2171 1927 2618 2010 dispensatione

263 2097 271 2114 1
374 2021 487 2112 (ue
507 2029 702 2089 dicam
737 2028 1145 2110 dissipatione)
1191 2011 1233 2086 εἷ
1259 2031 1506 2089 summis
1537 2030 1926 2092 Pontificibus
1973 2042 2128 2108 esset
2167 2019 2613 2110 consecuturus,

374 2150 511 2190 cum
540 2140 635 2190 tot
662 2131 1139 2192 canonicatuum
1168 2142 1273 2191 aut
1298 2133 1704 2194 Ecclesiarum
1733 2132 2166 2215 parochialium
2192 2133 2492 2214 quaelibet
2515 2135 2617 2194 al-

370 2232 555 2292 terius
584 2243 689 2292 aut
718 2235 1029 2314 utriusque
1058 2233 1211 2294 luris
1246 2251 1521 2296 sacraeve
1544 2234 1798 2314 Paginae
1821 2237 2236 2313 Licentiatum‚
2275 2237 2460 2298 immo
2487 2239 2614 2297 Do-
2691 2256 2698 2266 ⁴

373 2343 618 2412 ctorem,
645 2334 899 2396 honesto
930 2345 1095 2396 statu
1124 2337 1357 2398 nutrire
1385 2346 1607 2417 posset,
1631 2340 1779 2401 adeo
1812 2349 1882 2400 ut
1903 2339 2122 2416 singuli
2145 2339 2388 2417 singulis
2419 2348 2634 2405 essene

374 2437 673 2515 contenti,
718 2447 777 2497 et
804 2437 873 2499 in
902 2437 1103 2499 animo
1134 2441 1486 2520 tranquillo.
1570 2441 1704 2503 Hac
1725 2461 1794 2503 re
1821 2441 1926 2503 vix
1962 2441 2193 2523 aliquid
2223 2443 2340 2503 Deo
2365 2441 2614 2523 gratius,

363 2540 843 2619 Germaniaeque
883 2542 1097 2602 utilius
1148 2542 1517 2613 Maiestatem
1572 2545 1758 2606 Tuam
1813 2545 2078 2607 arbitror
2129 2544 2370 2607 efficere
2413 2566 2620 2625 posse·
2649 2558 2668 2567 “

374 2640 569 2701 Taceo
607 2644 771 2723 quod
808 2641 933 2731 hoc
974 2653 1155 2725 pacto
1194 2645 1284 2725 pii
1322 2646 1760 2718 adolescentes,
1803 2648 1908 2727 qui
1945 2647 2010 2707 in
2049 2649 2386 2728 Gymnasiis
2417 2650 2615 2709 multo

374 2744 581 2803 labore
598 2788 619 2821 ‚
662 2744 1079 2825 bonarumque
1108 2746 1420 2809 literarum
1440 2768 1688 2825 ⁸amore,
1722 2749 2164 2829 ‚patrimonium
2188 2754 2366 2811 suun)
2391 2772 2616 2834 expen-

374 2845 627 2923 derunt,
670 2856 843 2927 parte
875 2834 1263 2909 ecclesiastici
1287 2848 1572 2929 stipendii
1605 2860 1814 2928 nacta,
1863 2850 2216 2914 cohaeredes
2242 2856 2310 2915 in
2333 2854 2622 2915 haeredi-
2655 2910 2672 2933 x

372 2957 495 3007 tate
524 2959 770 3029 paterna
803 2949 881 3009 ad
916 2968 1121 3011 rerum
1156 2950 1536 3031 publicarum
1573 2963 1962 3031 augmentum
1993 2956 2291 3034 relevare,
2337 2958 2622 3019 Christo-

374 3044 491 3129 q'ue
526 3051 785 3129 servire,
834 3063 895 3113 et
920 3074 1033 3135 pro
1058 3054 1245 3115 totius
1272 3054 1516 3135 Imperii
1552 3076 1624 3117 ac
1649 3056 2033 3137 Imperatoris
2075 3061 2265 3121 salute
2291 3080 2496 3141 preces
2519 3062 2624 3121 ef-

374 3152 629 3211 fundere
660 3165 925 3232 possent.
956 3174 961 3181 ·
1014 3158 1114 3217 Sic
1142 3178 1385 3237 quoque
1422 3179 1536 3238 per
1563 3158 1829 3239 singulas
1885 3162 2174 3223 Ecclesias
2208 3164 2472 3225 ministri
2507 3166 2620 3225 in·-

374 3255 771 3319 stituerentur
805 3256 1043 3335 idonei,
1072 3279 1297 3343 sacrae!
1320 3261 1596 3339 Paginae,
1643 3282 2088 3343 sacroruirnqua³
2111 3266 2420 3335 Canonum
2453 3266 2620 3327 docti

376 3360 749 3445 Praebendas
796 3360 1033 3419 facilius
1066 3372 1608 3442 consequerentur,
1653 3384 1726 3423 ac
1761 3366 1980 3427 caeteri
2019 3366 2240 3442 literis,
2285 3368 2618 3429 virtutibus

372 3461 629 3542 praediti
674 3462 753 3521 ad
792 3461 1017 3523 Christi
1064 3465 1500 3545 patrimonium
1535 3470 1953 3545 ascenderent3
1999 3470 2238 3531 occasio
2263 3470 2626 3533 desiderati-s
2677 3466 2685 3474 ’

375 3564 485 3623 dae
520 3566 733 3625 mortis
778 3566 1007 3625 alienae
1048 3566 1395 3643 tolleretur,
1448 3589 1644 3649 neque
1685 3582 1880 3633 essent
1915 3582 2010 3633 tot
2043 3574 2178 3633 lites
2219 3582 2433 3654 totque
2471 3595 2618 3635 con·-

370 3666 670 3736 tentiones
690 3714 709 3745 ‚
754 3688 891 3727 cum
926 3689 1141 3747 magno
1174 3670 1267 3729 rei
1296 3672 1608 3734 familiaris
1649 3695 1760 3755 per
1785 3686 1996 3735 totam
1997 3676 2394 3739 Germaniam
2421 3678 2662 3743 ‹letti-

372 3778 611 3845 mento,
656 3790 851 3849 neque
880 3758 1075 3831 esient
1104 3779 1200 3831 tot
1225 3771 1499 3855 fraudes5
1553 3796 1680 3835 non
1707 3787 2072 3839 vexarentur
2111 3778 2375 3841 insontes
2401 3780 2476 3839 ab
2509 3780 2624 3859 eis,·

376 3870 481 3948 qui
508 3870 659 3933 nihil
702 3873 819 3933 nisi
862 3874 1263 3949 contendere,
1310 3886 1654 3956 acceptare,
1699 3879 2070 3959 inquietare,
2112 3902 2336 3943 vexare
2371 3892 2620 3943 norunt.

374 3970 507 4031 Non
543 3972 760 4051 quibus
790 3976 1139 4057 proximum
1166 3976 1686 4047 circumveniendi
1712 3984 1904 4049 maior
1936 3984 2184 4062 astutis,
2215 3996 2346 4047 :aut
2375 3988 2454 4047 ad
2487 3987 2623 4047 liti-

374 4072 637 4151 gaudum
666 4075 928 4137 facultas·
953 4078 1223 4159 suppetit
1248 4080 1525 4159 uberior,
1569 4084 1680 4146 sub
1717 4084 2222 4151 involutionibus.
2245 4088 2623 4169 praerogati-

356 4192 622 4252 aevarum,
668 4176 1135 4259 numinianum,
1180 4202 1585 4262 regi-casuum,
1643 4195 1708 4247 et
1748 4188 1974 4268 laqueis
2017 4190 2554 4251 instrumentorum
2589 4210 2626 4249 a

374 4278 639 4360 propriis
670 4281 857 4343 servis
880 4270 1283 4365 scriptorum,
1320 4294 1415 4347 tot
1436 4286 1724 4369 &audeas
1756 4299 1848 4353 tot
1877 4292 2261 4374 deceptiones
2295 4292 2626 4376 permitte-2
