2930 4963
2363 391 2512 484 ”1⁷9

258 573 474 644 sedem
494 628 516 659 ,
557 557 739 661 seque
775 577 945 660 quasi
982 575 1237 641 bubalos
1272 575 1418 640 duci
1455 574 1724 644 naribus.
1807 574 1894 644 Ea
1925 599 2022 644 res
2065 579 2542 665 ptomotionem·

254 678 665 746 Bononiensis
702 687 764 742 et
800 682 861 740 8.
892 677 1105 761 Angeli
1141 673 1532 761 acceleravit,
1575 693 1648 744 ut
1675 683 1900 745 literati
1925 683 2197 747 literatos
2237 697 2510 748 contun-

256 783 531 848 derent-⁶
589 783 755 845 Hinc
811 801 951 841 cum
1002 801 1099 843 res
1153 804 1357 846 coram
1406 786 1690 864 Eugenio
1751 795 2125 849 tractaretur
2157 787 2509 872 factumque

254 897 539 948 nostrum
591 887 1089 967 impugnaretur3
1155 887 1289 970 quis
1322 882 1640 966 Veitrum,
1707 885 1910 970 inquit
1961 884 2350 967 Morinensis,
2418 897 2510 956 est

251 985 626 1051 Bononiensi
654 985 1041 1065 theologior'?
1085 987 1219 1068 quis
1258 985 1575 1048 cardinale
1606 985 1669 1051 S.
1702 982 1915 1069 Angeli
1944 987 2012 1050 in
2043 985 2181 1051 Iure
2207 993 2506 1073 peritior?

218 1151 220 1153 ,
255 1091 423 1173 quod
458 1085 525 1150 εἷ’
549 1087 791 1169 aequari
821 1087 954 1147 istis
984 1107 1111 1170 non
1146 1089 1395 1168 valetis,
1440 1093 1556 1150 cur
1583 1110 1792 1151 eorum
1829 1091 1986 1152 facta
2019 1091 2508 1176 reprehenditis?

251 1193 645 1271 Benatusque
688 1195 779 1249 est
824 1187 893 1250 eo
934 1189 1116 1250 modo
1156 1191 1333 1254 favor
1374 1192 1664 1272 Eugmiz.
1742 1189 1840 1254 Ad
1879 1193 2263 1257 tractandum
2303 1205 2532 1260 tamen*

250 1293 574 1356 nobiscum
630 1289 945 1371 utriusque
1004 1291 1283 1354 factionis
1344 1274 1692 1356 cardinales
1742 1293 2018 1376 deputati
2065 1305 2230 1361 sunt.
2325 1297 2510 1362 Acuit

255 1414 433 1478 saepe
468 1392 781 1472 ingenium
820 1394 1130 1455 contentio
1156 1395 1688 1479 perspicaciusque
1725 1397 1950 1460 reddit.
2035 1397 2155 1458 Sex
2189 1395 2332 1460 lecti
2365 1392 2510 1464 sunt

256 1497 639 1572 cardinales,
695 1493 801 1575 qui
831 1495 991 1556 facta
1017 1505 1227 1560 nostra
1257 1497 1660 1581 discuterent,
1693 1497 2088 1580 Tarentinus,
2129 1499 2360 1563 Morine
2331 1501 2510 1583 ensis,

255 1600 321 1662 S.
370 1598 565 1677 sixti,
608 1598 1001 1680 Valentinus,
1055 1601 1486 1679 Bononiensis,
1541 1603 1606 1665 S.
1645 1602 1878 1682 Angeli.
1963 1603 2262 1684 Septimus
2307 1615 2509 1666 autem

255 1699 619 1764 concordiae
662 1721 874 1762 causae
921 1703 1164 1765 additus
1204 1707 1304 1766 est
1335 1702 1674 1771 Firmanus.
1751 1697 2074 1784 Alf'onsus
2103 1725 2176 1765 eo
2212 1714 2506 1790 tempore,

250 1803 385 1866 Rex
423 1803 802 1885 Aragonum,
842 1799 1112 1874 Tiburim
1152 1817 1431 1886 venerat,
1474 1809 1816 1888 Romaeque
1845 1807 1924 1867 ad
1961 1807 2242 1891 quintum
2287 1817 2348 1870 et
2389 1807 2504 1871 de-

254 1909 488 1969 cimum
527 1907 791 1990 lapidem
838 1909 1153 1991 proximus
1189 1917 1338 1970 erat.
1424 1907 1512 1970 De
1559 1897 1690 1973 suo'
1723 1907 1991 1970 adventu
2038 1911 2196 1972 varii
2231 1931 2504 1974 rumores
2615 1949 2620 1956 -

252 2019 449 2072 erant.
535 2009 795 2085 Quidam
838 2021 1124 2071 vocatum
1174 2031 1311 2071 eum
1358 2029 1471 2092 per
1515 2009 1923 2072 Patriarcham
1963 2009 2334 2092 asserebant;
2397 2011 2505 2102 qui

250 2113 615 2174 moritui-um
662 2111 855 2172 sciens
886 2111 1149 2194 Papam,
1190 2109 1325 2173 sub'
1353 2113 1482 2174 eius
1517 2113 1628 2174 alis
1670 2113 1926 2178 salutem
1965 2113 2302 2195 quaerebat.
2378 2115 2512 2179 Alii

247 2225 398 2278 v'ero
456 2214 674 2294 Regem
728 2211 1073 2292 Aragonum
1128 2215 1205 2274 e'x
1255 2235 1367 2275 suo
1413 2211 1667 2274 arbitrio
1717 2235 1949 2276 novum
2008 2235 2210 2277 creare
2276 2216 2503 2299 Papam

249 2315 664 2380 autumabant.
751 2315 959 2377 Plures
998 2335 1131 2376 eum
1155 2316 1391 2377 venisse
1420 2314 1681 2395 aiebant,
1725 2316 2105 2396 Florentinos
2138 2319 2502 2384 invasurum

204 2432 208 2436 ’
247 2429 310 2484 et
337 2421 433 2481 sic
463 2410 790 2501 Philippo,
833 2417 1297 2498 Mediolanensi,
1342 2439 1519 2501 opem
1547 2420 1836 2486 laturum.
1919 2423 2206 2483 senenses
2244 2431 2406 2484 certe
2433 2423 2504 2487 in

247 2524 601 2586 societatem
638 2520 785 2583 belli
824 2520 1108 2599 ducebat,
1162 2505 1605 2603 transitumque
1636 2516 1923 2605 petebant
1955 2522 2038 2604 *).
2081 2572 2092 2585 .
2124 2526 2294 2586 Circa
2330 2526 2502 2589 hunc

246 2634 583 2708 occupatus
622 2635 751 2686 erat
782 2621 1111 2687 Cardinalis
1140 2620 1495 2685 Valentinus
1513 2668 1533 2697 ,
1573 2644 1686 2685 nec
1721 2626 1946 2687 nostris
1976 2626 2182 2707 potuit
2217 2628 2505 2693 interesse

244 2726 629 2795 tractatibus.
676 2726 871 2788 Huius
898 2726 1072 2807 Regis
1100 2726 1468 2788 secretarius
1494 2726 1764 2788 Aeneam
1787 2716 1958 2815 domi*
1980 2730 2267 2791 convenit
2290 2740 2500 2793 osteu-

244 2827 489 2913 ditque,
536 2851 744 2892 carum
784 2833 909 2893 esse
946 2828 1124 2911 Regi,
1166 2829 1217 2891 si
1257 2830 1431 2891 ambo
1471 2828 1664 2892 Tibur
1698 2840 2051 2913 peteremus.
2137 2832 2256 2893 Sed
2294 2834 2500 2896 timuit

242 2934 524 3013 Aeneas,
566 2953 644 2995 ne
678 2942 1035 3017 suspectum
1072 2933 1355 3014 Eugenio
1399 2954 1463 2994 se
1504 2934 1816 3035 redderet,
1859 2954 1975 2995 nec
2012 2923 2102 2995 ire
2137 2936 2368 3015 voluit,
2415 2936 2494 2997 ad

243 3057 429 3120 quem
468 3036 689 3099 missus
731 3058 859 3098 nou
905 3045 1053 3099 erat.
1088 3034 1474 3115 Diligenter
1507 3002 1766 3119 namque
1805 3036 2074 3099 mandati
2103 3034 2254 3099 fines
2290 3058 2498 3101 asser—

241 3140 433 3207 vandi
484 3150 647 3203 sunt.
728 3140 858 3201 Nec
898 3137 1269 3201 secretarius
1310 3138 1417 3201 ille
1473 3151 1677 3224 aperte
1718 3140 1836 3201 fari
1875 3140 2104 3217 voluit,
2165 3148 2237 3201 ut
2277 3142 2500 3221 Regem

156 3321 165 3334 Ι
242 3263 421 3309 suum
466 3242 531 3305 id
554 3245 936 3305 -commisisse
974 3242 1218 3308 diceret.
1306 3242 1504 3325 Ipsius
1545 3245 1843 3306 adventus
1863 3242 2039 3323 Regis
2073 3242 2302 3321 omnia,
2348 3262 2502 3323 quae

239 3346 437 3411 victui
498 3347 851 3409 necessaria·
886 3355 1030 3408 sunt
1085 3330 1447 3409 hominibus*
1487 3356 1549 3409 et
1607 3347 1920 3427 iumentis,
1983 3355 2228 3427 praeter
2267 3366 2500 3423 aquam,

242 3452 485 3513 cariora
540 3448 848 3527 reddidit,
918 3448 1252 3531 quinimmo
1308 3448 1487 3533 etiam
1551 3448 1868 3511 domorum
1929 3448 2104 3509 auxit
2153 3446 2499 3528 ¹pensiones,

240 3554 521 3636 quamvis
562 3552 778 3614 urbem
826 3572 956 3613 non
1001 3550 1343 3616 intraverit.
1446 3552 1550 3611 Sic
1606 3552 1916 3622 avaritiam
1967 3550 2213 3631 quaevis
2262 3547 2498 3609 occasio

240 3657 610 3720 manifestat.
684 3657 876 3717 Parva
901 3654 1123 3739 pruina
1162 3650 1407 3714 cellaria
1444 3652 1696 3721 claudit.
1769 3654 2144 3716 Accessimus
2177 3650 2498 3732 deputatos

240 3782 422 3841 quam
459 3740 741 3843 pluribus
782 3756 1021 3820 vicibus
1066 3754 1456 3839 dedimusque
1497 3756 1814 3838 petitiones
1851 3765 2087 3818 nostras
2127 3754 2195 3813 in
2230 3752 2495 3834 scriptis.

240 3850 363 3925 Sed
410 3844 547 3923 cum
587 3860 928 3923 v'ideremus
970 3860 1048 3923 ad
1092 3871 1191 3938 ea,
1238 3880 1392 3941 quae
1432 3858 1613 3921 simul
1655 3881 1861 3921 omnes
1901 3858 2280 3942 petebamus,
2325 3876 2498 3916 aures

158 4006 167 4013 -
240 3966 457 4028 surdas
500 3984 660 4042 esse,
707 3966 785 4027 ad
824 3984 890 4026 ea
923 3963 1379 4041 descendimus,
1440 3981 1594 4043 quae
1630 3984 1892 4024 seorsum
1933 3960 2214 4023 conclusa
2252 3960 2490 4021 Franc-

242 4062 479 4133 fordiae
508 4073 787 4143 fuerant3
834 4066 1221 4149 diximusque
1250 4064 1668 4130 cardinalibus
1683 4109 1704 4143 ,
1744 4064 1796 4127 si
1825 4064 2033 4147 priora
2075 4064 2498 4165 concederent,
2549 4094 2576 4119 -.

366 4378 427 4462 ὓ)
470 4379 769 4443 visneicht
787 4399 804 4436 ε
846 4397 885 4453 p
898 4396 930 4436 e
942 4388 971 4435 t
985 4375 1061 4436 cb
1072 4360 1109 4437 a
1114 4387 1162 4434 t.

1010 4494 1017 4501 .
1983 4474 2106 4539 12*
