2930 4963
2396 345 2487 413 89

241 511 430 596 ptime
455 509 682 572 mensis
703 507 1056 586 Februarii,
1097 508 1262 584 inter
1291 509 1734 572 sanctissimum
1768 510 1839 572 in
1868 507 2115 580 Christo
2156 509 2396 571 Patrem
2413 503 2487 570 sc

245 615 562 677 Dominum
601 623 915 693 nostrum,
972 613 1296 678 Dominum
1333 617 1531 676 Nico
1550 615 1788 690 laum,
1844 590 2053 674 divina
2098 611 2489 692 providentis

243 719 552 802 Papam,
597 719 1000 799 quintum,
1016 715 1547 798 Apostolicainque
1562 717 1792 791 Se‘dem,
1810 725 1887 774 ac
1907 714 2213 774 nationem
2227 714 2488 774 Alama-

240 823 472 884 nicam·
513 816 886 881 Serenissimi
917 817 1158 879 Domini
1192 820 1388 880 nostri
1429 828 1491 879 et
1530 818 1699 879 Sedis
1744 815 2089 877 eorumdem
2114 813 2488 892 nominibus,

240 944 351 1005 per
367 909 1002 984 Reverendissimum'
978 939 1050 980 m
1079 920 1320 982 Christo
1350 921 1589 981 Patrem
1620 941 1691 980 ac
1726 919 2049 979 Dominum
2078 919 2483 995 Ioannem,

241 1029 300 1088 S.
330 1028 389 1086 S.
415 1027 718 1086 Romanae
743 1023 1046 1083 Ecclesiae
1071 1024 1116 1082 C
1134 1023 1303 1083 srdi
1319 1025 1499 1084 nale
1516 1043 1578 1082 m
1618 1025 2010 1100 Legatum,
2059 1021 2137 1080 ad
2172 1023 2489 1082 nationem

203 1119 210 1124 ’
243 1127 660 1190 Germ-niem
693 1125 772 1185 de
801 1125 1015 1186 Latere
1042 1125 1320 1204 missum,
1364 1126 1592 1207 plena
1572 1145 1639 1186 ιιι
1684 1145 1752 1185 ea
1800 1133 1975 1205 parte
2020 1125 2381 1184 auctoritate
2426 1110 2490 1184 et

237 1237 532 1312 potestate
561 1228 899 1307 munitum3
943 1237 1014 1301 et,
1031 1249 1150 1310 pro
1187 1229 1318 1310 ipsa
1353 1229 1599 1289 natione
1623 1228 1965 1288 Alamanica
2008 1249 2117 1308 per
2150 1226 2489 1290 Gloriosise

237 1332 456 1392 simun
493 1331 837 1411 Principem
877 1349 952 1390 ae
995 1330 1318 1392 Dominum
1372 1341 1645 1393 nostrum
1673 1376 1694 1410 ,
1752 1331 2073 1390 Dominum
2130 1328 2489 1391 Frideri-

239 1453 440 1510 cum,
487 1433 1017 1522 Romanorum
1059 1437 1334 1514 Regem
1379 1453 1677 1516 semper
1718 1434 2307 1511 Augustum-etc.
2338 1429 2489 1511 plu-

237 1535 540 1597 rimorum
583 1535 741 1595 sacri
769 1535 1022 1595 Romani
1063 1537 1308 1619 Imperii
1348 1539 1731 1610 Electorum,
1792 1535 2167 1613 aliorumque
2212 1533 2487 1593 eiusdem

237 1637 538 1712 nationis,
577 1645 702 1702 tam
735 1635 1270 1700 ecclesiasticorum
1287 1685 1305 1718 ,
1339 1659 1518 1720 quam
1540 1639 1935 1700 saecularium
1959 1635 2309 1714 Principum
2333 1655 2487 1694 con-

237 1740 512 1802 sensibus
540 1740 994 1819 accedentibus,
1040 1744 1358 1820 conclusa,
1399 1743 1645 1802 laudsta
1684 1749 1743 1801 et
1784 1747 2093 1822 acceptata
2134 1747 2277 1797 sunt
2320 1733 2487 1798 Con-

237 1842 486 1902 cordata
515 1842 873 1924 subscripta.
931 1847 1350 1905 Sanctissimus
1381 1846 1683 1906 Dominus
1695 1853 1902 1942 noster
1932 1842 2273 1918 Nic-olaus,
2299 1841 2485 1922 Papa,

238 1946 535 2022 quintus,
581 1963 766 2026 snper
787 1947 1237 2028 provisionibus
1271 1948 1677 2008 Ecclesiamm
1713 1943 2275 2024 Beneficiorumquo
2314 1963 2487 2024 quo-

234 2065 614 2126 rumcunque
671 2056 880 2110 utetur
929 2051 1450 2111 Reservationibus
1488 2051 1644 2110 Iuris
1678 2049 1925 2128 scripti,
1971 2057 2031 2107 et
2072 2047 2484 2108 Constitutio-

237 2145 416 2208 nibm
435 2149 845 2228 Execrabilis,
889 2161 950 2212 et
981 2154 1058 2212 ad
1081 2154 1364 2231 Regimen
1391 2152 1787 2226 modificatis,
1832 2159 1903 2208 ut
1930 2149 2225 2228 sequitui-2
2312 2185 2321 2202 ι

407 2248 506 2310 Ad
526 2249 810 2330 Regimen
835 2255 1138 2316 Ecclesiae
1180 2255 1468 2335 generalis
1494 2272 1853 2333 quamquam
1893 2251 2181 2312 immeriti
2224 2263 2485 2332 superna

241 2352 636 2433 dispositione
667 2357 866 2440 vocati
884 2405 902 2436 ,
968 2360 1228 2437 gerimus
1277 2357 1344 2416 in
1387 2357 1625 2416 Nostris
1663 2355 2003 2429 desideriis,
2068 2363 2139 2414 ut
2182 2353 2485 2432 debemus,

242 2457 407 2537 quod
430 2477 540 2537 per
575 2467 818 2518 nostrae
847 2459 1188 2541 diligentiae
1229 2460 1495 2521 studium
1530 2457 1607 2518 ad
1643 2455 2047 2539 quarumlibet
2076 2455 2485 2518 Ecclesiarum
2590 2516 2601 2525 ,

240 2569 300 2619 et
323 2557 828 2621 monasteriorum
865 2564 1170 2653 Regimirga
1199 2573 1258 2623 et
1287 2562 1723 2623 alia‘Beneficia
1754 2558 2153 2629 ecclesiastica
2182 2559 2355 2619 iuxta
2384 2558 2485 2619 dia

239 2662 454 2722 vinum
485 2662 928 2742 beneplacitum
955 2676 1018 2727 et
1045 2676 1284 2726 nostrae
1307 2666 1660 2726 intentionis
1682 2664 1961 2723 affectum
1978 2706 1997 2740 ,
2028 2662 2149 2719 viri
2172 2681 2481 2721 assuman-

241 2770 342 2823 tur
369 2762 606 2840 idonei,
651 2766 756 2843 qui
781 2768 1050 2846 praesint
1077 2778 1138 2828 et
1161 2770 1404 2849 prosint
1425 2764 1870 2828 committendis
1900 2764 1983 2823 eis
2008 2762 2317 2839 Ecclesiis‚
2344 2762 2485 2825 Mo-

241 2865 520 2925 nasteriis
554 2876 616 2925 et
647 2868 958 2929 Beneficiis
994 2870 1356 2952 praelibatis.
1443 2870 1909 2931 Praemissorum
1950 2866 2155 2943 itaque
2198 2865 2485 2927 conside-

241 2968 476 3027 ratione
519 2968 759 3029 inducti
805 2980 866 3031 et
919 2974 1308 3036 suadentibus
1345 2973 1529 3035 Nobis
1580 2973 1715 3033 aliis
1758 2967 2217 3031 rationabilibus
2270 2968 2483 3047 causis,

239 3072 680 3131 nonnullorum
703 3072 1230 3137 Praedecessorum
1273 3078 1629 3137 Nostrorum
1672 3074 2080 3133 Romanorum
2119 3072 2485 3136 Pontificum

241 3172 506 3251 vestigiis
537 3172 950 3257 inhaerentes,
993 3166 1198 3241 omnes
1223 3178 1685 3262 patriarchales,
1732 3174 2304 3255 archiepiscopales,
2347 3176 2485 3256 epi·
2552 3224 2559 3235 .

245 3276 510 3357 scopales
549 3276 852 3340 Ecclesiae
869 3326 888 3357 ,
931 3280 1321 3364 Monasteria,
1365 3274 1705 3356 Prioratus,
1766 3277 2128 3357 Dignitates‚
2186 3278 2485 3337 Persona-

245 3389 338 3443 tus
379 3391 444 3443 et
487 3380 708 3445 Officia
725 3430 744 3463 ,
799 3403 916 3443 nec
957 3404 1084 3445 non
1123 3386 1519 3447 canonicatus
1562 3392 1625 3442 et
1668 3382 2037 3443 Praebendas
2076 3389 2135 3441 et
2182 3380 2485 3440 Ecclesiae

247 3496 596 3568 caeteraque
621 3486 918 3547 Beneficia
947 3488 1346 3549 ecclesiastica
1363 3533 1382 3567 ,
1428 3508 1565 3549 cum
1598 3504 1743 3545 cura
1768 3484 1867 3544 vel
1890 3485 2019 3543 sine
2044 3502 2221 3557 cura,
2266 3501 2485 3543 necu-

245 3584 392 3647 laria
417 3598 480 3647 et
507 3590 806 3667 regularia
836 3608 1226 3669 quaecunque
1253 3598 1314 3649 et
1351 3580 1789 3670 qualiacunque
1816 3585 2047 3645 fuerint
2068 3628 2087 3657 ,
2132 3580 2365 3641 etiamsi
2405 3582 2487 3645 ad

245 3686 350 3748 illa
373 3708 672 3771 personae
733 3694 1156 3755 consueverint
1215 3712 1323 3753 sen
1381 3689 1699 3753 debuerint
1759 3706 1869 3769 per
1924 3684 2277 3745 electionem
2302 3728 2321 3757 ,
2380 3701 2487 3745 seu

249 3793 520 3871 quemvis
559 3794 746 3855 alium
781 3796 1033 3856 niodum
1075 3794 1332 3872 assumi,
1397 3814 1567 3855 nunc
1622 3790 1789 3874 apud
1826 3788 2037 3851 Sedem
2073 3786 2487 3868 Apostolieam

249 3914 608 3977 quocunque
631 3896 816 3959 inodo
846 3897 1156 3973 vacantia,
1197 3908 1260 3959 et
1277 3898 1344 3958 in
1375 3906 1687 3979 posterum
1716 3902 2037 3967 vacatura3
2080 3910 2195 3951 nec
2224 3910 2349 3951 non
2373 3908 2487 3972 per

249 3994 713 4079 depositionem,
760 4020 865 4059 seu
889 4000 1326 4081 privationem,
1383 4020 1490 4061 seu
1526 3998 1979 4060 translationem
1998 4036 2017 4068 ‚
2064 4014 2177 4074 per
2210 3994 2335 4055 Nos
2378 4012 2487 4055 seu

250 4102 600 4163 auctoritate
623 4103 843 4175 Nostra
873 4102 1094 4180 factas,
1137 4112 1199 4163 et
1235 4104 1300 4165 in
1327 4114 1506 4163 antea
1543 4099 1843 4163 faciendas
1887 4098 2173 4171 ubilibet3
2214 4117 2331 4157 neo
2358 4116 2487 4159 non
2572 4073 2585 4171 Ι,

249 4202 325 4260 sd
353 4221 504 4283 quae
531 4203 720 4285 aliqui
743 4205 812 4265 in
839 4204 1172 4266 concordia
1193 4226 1294 4266 seu
1321 4203 1624 4265 discordia
1666 4203 1841 4265 electi
1882 4202 1981 4265 vel
2015 4200 2304 4284 postulati
2342 4201 2489 4261 fue-
2522 4192 2527 4212 ⁸

249 4301 402 4385 rint,
447 4325 712 4388 qnorum
741 4308 960 4369 electio
995 4316 1222 4385 cassata
1263 4328 1374 4371 seu
1409 4306 1739 4389 postulatio
1774 4304 2046 4389 repulsa,
2086 4306 2189 4369 vel
2214 4306 2341 4386 'per
2384 4322 2486 4366 eos
