<?xml version="1.0" encoding="UTF-8"?>
<!DOCTYPE html PUBLIC "-//W3C//DTD XHTML 1.0 Transitional//EN"
    "http://www.w3.org/TR/xhtml1/DTD/xhtml1-transitional.dtd">
<html xmlns="http://www.w3.org/1999/xhtml" xml:lang="en" lang="en">
 <head>
  <title>
</title>
<meta http-equiv="Content-Type" content="text/html;charset=utf-8" />
  <meta name='ocr-system' content='tesseract 3.04.00' />
  <meta name='ocr-capabilities' content='ocr_page ocr_carea ocr_par ocr_line ocrx_word'/>
</head>
<body>
  <div class='ocr_page' id='page_1' title='image "./vollstndigesamm01mngoog_0238.png"; bbox 0 0 2930 4963; ppageno 0'>
   <div class='ocr_carea' id='block_1_1' title="bbox 420 337 552 405">
    <p class='ocr_par' dir='ltr' id='par_1_1' title="bbox 420 337 552 405">
     <span class='ocr_line' id='line_1_1' title="bbox 420 337 552 405; baseline 0 -1"><span class='ocrx_word' id='word_1_1' title='bbox 420 337 552 405; x_wconf 77' lang='lat'><strong>224</strong></span> 
     </span>
    </p>
   </div>
   <div class='ocr_carea' id='block_1_2' title="bbox 419 467 2681 586">
    <p class='ocr_par' dir='ltr' id='par_1_2' title="bbox 419 467 2681 586">
     <span class='ocr_line' id='line_1_2' title="bbox 419 467 2681 586; baseline -0.004 -19"><span class='ocrx_word' id='word_1_2' title='bbox 419 505 582 586; x_wconf 78' lang='lat' dir='ltr'><strong>tibus</strong></span> <span class='ocrx_word' id='word_1_3' title='bbox 597 549 620 582; x_wconf 87' lang='lat'>‚</span> <span class='ocrx_word' id='word_1_4' title='bbox 675 523 818 564; x_wconf 85' lang='lat' dir='ltr'><strong>cum</strong></span> <span class='ocrx_word' id='word_1_5' title='bbox 847 499 1240 584; x_wconf 71' lang='lat' dir='ltr'>deputatione</span> <span class='ocrx_word' id='word_1_6' title='bbox 1281 497 1721 562; x_wconf 72' lang='lat' dir='ltr'><strong>confessorum</strong></span> <span class='ocrx_word' id='word_1_7' title='bbox 1711 531 1739 575; x_wconf 88' lang='lat'><strong>·,</strong></span> <span class='ocrx_word' id='word_1_8' title='bbox 1792 497 1901 578; x_wconf 84' lang='lat' dir='ltr'><strong>qni</strong></span> <span class='ocrx_word' id='word_1_9' title='bbox 1938 467 2251 560; x_wconf 71' lang='lat' dir='ltr'><strong>absolvere</strong></span> <span class='ocrx_word' id='word_1_10' title='bbox 2294 495 2537 580; x_wconf 75' lang='lat' dir='ltr'><strong>possint</strong></span> <span class='ocrx_word' id='word_1_11' title='bbox 2594 497 2681 558; x_wconf 78' lang='lat' dir='ltr'><strong>ab</strong></span> 
     </span>
    </p>
   </div>
   <div class='ocr_carea' id='block_1_3' title="bbox 421 607 2683 790">
    <p class='ocr_par' dir='ltr' id='par_1_3' title="bbox 421 607 2683 790">
     <span class='ocr_line' id='line_1_3' title="bbox 421 607 2683 790; baseline -0.001 -23"><span class='ocrx_word' id='word_1_12' title='bbox 421 607 794 790; x_wconf 46' lang='grc' dir='ltr'>οωξῗέμ</span> <span class='ocrx_word' id='word_1_13' title='bbox 879 707 1116 766; x_wconf 86' lang='lat' dir='ltr'><strong>Petitur</strong></span> <span class='ocrx_word' id='word_1_14' title='bbox 1149 704 1391 766; x_wconf 88' lang='lat' dir='ltr'><strong>licentia</strong></span> <span class='ocrx_word' id='word_1_15' title='bbox 1419 701 1685 782; x_wconf 82' lang='lat' dir='ltr'><strong>erigendi</strong></span> <span class='ocrx_word' id='word_1_16' title='bbox 1729 700 1853 761; x_wconf 82' lang='lat' dir='ltr'><strong>duo</strong></span> <span class='ocrx_word' id='word_1_17' title='bbox 1880 651 2240 763; x_wconf 79' lang='lat' dir='ltr'><strong>Monasteria</strong></span> <span class='ocrx_word' id='word_1_18' title='bbox 2269 701 2522 764; x_wconf 76' lang='lat' dir='ltr'><strong>Ordinis</strong></span> <span class='ocrx_word' id='word_1_19' title='bbox 2548 703 2683 764; x_wconf 82' lang='lat' dir='ltr'><strong>Ce-</strong></span> 
     </span>
    </p>
   </div>
   <div class='ocr_carea' id='block_1_4' title="bbox 284 805 2679 1100">
    <p class='ocr_par' dir='ltr' id='par_1_4' title="bbox 284 805 2679 1100">
     <span class='ocr_line' id='line_1_4' title="bbox 284 805 2539 889; baseline -0.004 -15"><span class='ocrx_word' id='word_1_20' title='bbox 284 862 291 869; x_wconf 81' lang='lat'><em>.</em></span> <span class='ocrx_word' id='word_1_21' title='bbox 418 811 808 889; x_wconf 65' lang='lat' dir='ltr'><strong>latinorum,</strong></span> <span class='ocrx_word' id='word_1_22' title='bbox 853 829 1040 869; x_wconf 88' lang='lat' dir='ltr'><strong>unum</strong></span> <span class='ocrx_word' id='word_1_23' title='bbox 1065 809 1132 866; x_wconf 88' lang='lat' dir='ltr'><strong>in</strong></span> <span class='ocrx_word' id='word_1_24' title='bbox 1157 807 1359 884; x_wconf 86' lang='lat' dir='ltr'><strong>Italia,</strong></span> <span class='ocrx_word' id='word_1_25' title='bbox 1403 805 1701 867; x_wconf 85' lang='lat' dir='ltr'><strong>alterum</strong></span> <span class='ocrx_word' id='word_1_26' title='bbox 1682 827 1749 865; x_wconf 85' lang='lat' dir='ltr'><strong>m</strong></span> <span class='ocrx_word' id='word_1_27' title='bbox 1776 806 2004 866; x_wconf 83' lang='lat' dir='ltr'><strong>Gallia:</strong></span> <span class='ocrx_word' id='word_1_28' title='bbox 2046 807 2207 886; x_wconf 84' lang='lat' dir='ltr'><strong>Papa</strong></span> <span class='ocrx_word' id='word_1_29' title='bbox 2238 805 2539 866; x_wconf 83' lang='lat' dir='ltr'><strong>concedit.</strong></span> 
     </span>
     <span class='ocr_line' id='line_1_5' title="bbox 591 907 2675 998; baseline -0.002 -22"><span class='ocrx_word' id='word_1_30' title='bbox 591 913 657 998; x_wconf 77' lang='lat'><strong>§.</strong></span> <span class='ocrx_word' id='word_1_31' title='bbox 700 921 800 982; x_wconf 76' lang='lat'><strong>22.</strong></span> <span class='ocrx_word' id='word_1_32' title='bbox 843 913 930 971; x_wconf 91' lang='lat' dir='ltr'><strong>De</strong></span> <span class='ocrx_word' id='word_1_33' title='bbox 961 910 1160 972; x_wconf 84' lang='lat' dir='ltr'><strong>Scotia</strong></span> <span class='ocrx_word' id='word_1_34' title='bbox 1189 909 1348 992; x_wconf 87' lang='lat' dir='ltr'><strong>Papa</strong></span> <span class='ocrx_word' id='word_1_35' title='bbox 1379 908 1681 968; x_wconf 80' lang='lat' dir='ltr'><strong>commisit</strong></span> <span class='ocrx_word' id='word_1_36' title='bbox 1714 907 2162 989; x_wconf 72' lang='lat' dir='ltr'>suspensionem</span> <span class='ocrx_word' id='word_1_37' title='bbox 2192 909 2269 968; x_wconf 84' lang='lat' dir='ltr'><strong>ad</strong></span> <span class='ocrx_word' id='word_1_38' title='bbox 2296 909 2376 970; x_wconf 84' lang='lat' dir='ltr'><strong>vl</strong></span> <span class='ocrx_word' id='word_1_39' title='bbox 2416 927 2675 972; x_wconf 74' lang='lat' dir='ltr'><strong>menses.</strong></span> 
     </span>
     <span class='ocr_line' id='line_1_6' title="bbox 599 999 2679 1100; baseline -0.001 -26"><span class='ocrx_word' id='word_1_40' title='bbox 599 1014 658 1100; x_wconf 72' lang='grc' dir='ltr'><strong>ς.</strong></span> <span class='ocrx_word' id='word_1_41' title='bbox 705 999 806 1081; x_wconf 79' lang='lat'>28⁴.</span> <span class='ocrx_word' id='word_1_42' title='bbox 877 1013 1193 1091; x_wconf 71' lang='lat' dir='ltr'><strong>signatum</strong></span> <span class='ocrx_word' id='word_1_43' title='bbox 1218 1013 1294 1070; x_wconf 87' lang='lat' dir='ltr'><strong>L.</strong></span> <span class='ocrx_word' id='word_1_44' title='bbox 1341 1013 1758 1086; x_wconf 64' lang='lat' dir='ltr'><strong>[Laurentiue</strong></span> <span class='ocrx_word' id='word_1_45' title='bbox 1788 1013 2134 1086; x_wconf 64' lang='lat' dir='ltr'><strong>Paccius-J,</strong></span> <span class='ocrx_word' id='word_1_46' title='bbox 2199 1013 2293 1070; x_wconf 75' lang='lat' dir='ltr'><strong>ea</strong></span> <span class='ocrx_word' id='word_1_47' title='bbox 2316 1011 2679 1072; x_wconf 71' lang='lat' dir='ltr'><strong>rainau-</strong></span> 
     </span>
    </p>
   </div>
   <div class='ocr_carea' id='block_1_5' title="bbox 421 1111 2390 1206">
    <p class='ocr_par' dir='ltr' id='par_1_5' title="bbox 421 1111 2390 1206">
     <span class='ocr_line' id='line_1_7' title="bbox 421 1111 2390 1206; baseline -0.002 -26"><span class='ocrx_word' id='word_1_48' title='bbox 421 1121 909 1180; x_wconf 82' lang='lat' dir='ltr'><strong>Sanctorum</strong></span> <span class='ocrx_word' id='word_1_49' title='bbox 951 1123 1312 1206; x_wconf 31' lang='lat' dir='ltr'><strong>quatuour.</strong></span> <span class='ocrx_word' id='word_1_50' title='bbox 1395 1115 1576 1195; x_wconf 86' lang='lat' dir='ltr'><strong>Signo</strong></span> <span class='ocrx_word' id='word_1_51' title='bbox 1612 1117 1875 1194; x_wconf 78' lang='lat' dir='ltr'><strong>Bar-me,</strong></span> <span class='ocrx_word' id='word_1_52' title='bbox 1920 1133 2070 1176; x_wconf 81' lang='lat' dir='ltr'><strong>avec</strong></span> <span class='ocrx_word' id='word_1_53' title='bbox 2106 1111 2390 1196; x_wconf 74' lang='lat' dir='ltr'><strong>paraphe-</strong></span> 
     </span>
    </p>
   </div>
   <div class='ocr_carea' id='block_1_6' title="bbox 1530 1339 1597 1405">
    <p class='ocr_par' dir='ltr' id='par_1_6' title="bbox 1530 1339 1597 1405">
     <span class='ocr_line' id='line_1_8' title="bbox 1530 1339 1597 1405; baseline -0.06 0"><span class='ocrx_word' id='word_1_54' title='bbox 1530 1339 1597 1405; x_wconf 84' lang='lat'><strong>3.</strong></span> 
     </span>
    </p>
   </div>
   <div class='ocr_carea' id='block_1_7' title="bbox 433 1458 2675 1778">
    <p class='ocr_par' dir='ltr' id='par_1_7' title="bbox 433 1458 2675 1778">
     <span class='ocr_line' id='line_1_9' title="bbox 433 1458 2675 1552; baseline -0.003 -28"><span class='ocrx_word' id='word_1_55' title='bbox 433 1458 823 1525; x_wconf 79' lang='lat' dir='ltr'><strong>Concor-data</strong></span> <span class='ocrx_word' id='word_1_56' title='bbox 855 1461 1017 1519; x_wconf 81' lang='lat' dir='ltr'><strong>inter</strong></span> <span class='ocrx_word' id='word_1_57' title='bbox 1058 1461 1522 1520; x_wconf 69' lang='lat' dir='ltr'><strong>sanctissimum</strong></span> <span class='ocrx_word' id='word_1_58' title='bbox 1550 1459 1895 1518; x_wconf 81' lang='lat' dir='ltr'><strong>Dominum</strong></span> <span class='ocrx_word' id='word_1_59' title='bbox 1929 1468 2212 1517; x_wconf 69' lang='lat' dir='ltr'><strong>nostrum</strong></span> <span class='ocrx_word' id='word_1_60' title='bbox 2232 1459 2483 1552; x_wconf 80' lang='lat' dir='ltr'><strong>Papam</strong></span> <span class='ocrx_word' id='word_1_61' title='bbox 2504 1459 2675 1518; x_wconf 87' lang='lat' dir='ltr'><strong>Leo-</strong></span> 
     </span>
     <span class='ocr_line' id='line_1_10' title="bbox 496 1554 2595 1640; baseline -0.002 -15"><span class='ocrx_word' id='word_1_62' title='bbox 496 1586 631 1626; x_wconf 84' lang='lat' dir='ltr'><strong>nem</strong></span> <span class='ocrx_word' id='word_1_63' title='bbox 626 1554 952 1623; x_wconf 78' lang='lat' dir='ltr'><strong>decimum</strong></span> <span class='ocrx_word' id='word_1_64' title='bbox 983 1575 1038 1621; x_wconf 78' lang='lat' dir='ltr'><strong>et</strong></span> <span class='ocrx_word' id='word_1_65' title='bbox 1064 1563 1670 1628; x_wconf 65' lang='lat' dir='ltr'><strong>Christianis-rimam</strong></span> <span class='ocrx_word' id='word_1_66' title='bbox 1703 1563 2044 1625; x_wconf 78' lang='lat' dir='ltr'><strong>Dominum</strong></span> <span class='ocrx_word' id='word_1_67' title='bbox 2068 1571 2346 1620; x_wconf 75' lang='lat' dir='ltr'><strong>nostrum</strong></span> <span class='ocrx_word' id='word_1_68' title='bbox 2370 1563 2595 1640; x_wconf 84' lang='lat' dir='ltr'><em>Regem</em></span> 
     </span>
     <span class='ocr_line' id='line_1_11' title="bbox 466 1661 2573 1746; baseline 0 -24"><span class='ocrx_word' id='word_1_69' title='bbox 466 1661 506 1722; x_wconf 65' lang='grc'><strong>’.</strong></span> <span class='ocrx_word' id='word_1_70' title='bbox 577 1669 982 1729; x_wconf 47' lang='lat' dir='ltr'><strong>franciscum</strong></span> <span class='ocrx_word' id='word_1_71' title='bbox 995 1708 1020 1740; x_wconf 85' lang='lat'><em>,</em></span> <span class='ocrx_word' id='word_1_72' title='bbox 1057 1665 1254 1724; x_wconf 72' lang='lat' dir='ltr'><strong>huius</strong></span> <span class='ocrx_word' id='word_1_73' title='bbox 1275 1667 1573 1746; x_wconf 72' lang='grc' dir='ltr'><strong><em>ηοηιίηἰε,</em></strong></span> <span class='ocrx_word' id='word_1_74' title='bbox 1603 1665 1913 1744; x_wconf 81' lang='lat' dir='ltr'><strong>primum,</strong></span> <span class='ocrx_word' id='word_1_75' title='bbox 1941 1664 2224 1741; x_wconf 76' lang='lat' dir='ltr'><strong>feliciter</strong></span> <span class='ocrx_word' id='word_1_76' title='bbox 2248 1665 2573 1744; x_wconf 58' lang='lat' dir='ltr'><strong>incipiunt.</strong></span> 
     </span>
     <span class='ocr_line' id='line_1_12' title="bbox 1793 1752 1801 1778; baseline 0 0"><span class='ocrx_word' id='word_1_77' title='bbox 1793 1752 1801 1778; x_wconf 85' lang='lat' dir='ltr'><strong>l</strong></span> 
     </span>
    </p>
   </div>
   <div class='ocr_carea' id='block_1_8' title="bbox 307 1831 2675 2327">
    <p class='ocr_par' dir='ltr' id='par_1_8' title="bbox 599 1831 2672 1918">
     <span class='ocr_line' id='line_1_13' title="bbox 599 1831 2672 1918; baseline -0.001 -22"><span class='ocrx_word' id='word_1_78' title='bbox 599 1831 659 1918; x_wconf 82' lang='lat'><strong>§.</strong></span> <span class='ocrx_word' id='word_1_79' title='bbox 706 1840 762 1901; x_wconf 89' lang='lat'><strong>1.</strong></span> <span class='ocrx_word' id='word_1_80' title='bbox 846 1837 1060 1896; x_wconf 78' lang='lat' dir='ltr'><strong>Fran</strong></span> <span class='ocrx_word' id='word_1_81' title='bbox 1082 1837 1250 1893; x_wconf 68' lang='lat' dir='ltr'><strong>ciac</strong></span> <span class='ocrx_word' id='word_1_82' title='bbox 1269 1855 1388 1911; x_wconf 73' lang='lat' dir='ltr'><strong>ue,</strong></span> <span class='ocrx_word' id='word_1_83' title='bbox 1447 1833 1589 1894; x_wconf 89' lang='lat' dir='ltr'><strong>Dei</strong></span> <span class='ocrx_word' id='word_1_84' title='bbox 1650 1832 1902 1910; x_wconf 87' lang='lat' dir='ltr'><strong>gratia</strong></span> <span class='ocrx_word' id='word_1_85' title='bbox 1958 1831 2150 1892; x_wconf 78' lang='lat' dir='ltr'><strong>Fran</strong></span> <span class='ocrx_word' id='word_1_86' title='bbox 2170 1851 2433 1894; x_wconf 88' lang='lat' dir='ltr'><strong>corum</strong></span> <span class='ocrx_word' id='word_1_87' title='bbox 2488 1834 2672 1912; x_wconf 81' lang='lat' dir='ltr'><strong>Rex,</strong></span> 
     </span>
    </p>

    <p class='ocr_par' dir='ltr' id='par_1_9' title="bbox 307 1907 2674 2117">
     <span class='ocr_line' id='line_1_14' title="bbox 307 1907 2674 2013; baseline -0.001 -14"><span class='ocrx_word' id='word_1_88' title='bbox 307 1999 318 2010; x_wconf 66' lang='grc'>,</span> <span class='ocrx_word' id='word_1_89' title='bbox 425 1907 880 1999; x_wconf 76' lang='lat' dir='ltr'><strong>Mediolani</strong></span> <span class='ocrx_word' id='word_1_90' title='bbox 895 1937 1090 2013; x_wconf 81' lang='lat' dir='ltr'><strong>Dux,</strong></span> <span class='ocrx_word' id='word_1_91' title='bbox 1147 1933 1535 1996; x_wconf 74' lang='lat' dir='ltr'><strong>Astensis</strong></span> <span class='ocrx_word' id='word_1_92' title='bbox 1594 1936 1861 1994; x_wconf 85' lang='lat' dir='ltr'><strong>Comes</strong></span> <span class='ocrx_word' id='word_1_93' title='bbox 1918 1954 2001 1994; x_wconf 89' lang='lat' dir='ltr'><strong>ac</strong></span> <span class='ocrx_word' id='word_1_94' title='bbox 2056 1936 2367 1996; x_wconf 83' lang='lat' dir='ltr'><strong>Genuae</strong></span> <span class='ocrx_word' id='word_1_95' title='bbox 2408 1937 2515 1995; x_wconf 91' lang='lat' dir='ltr'><strong>Do</strong></span> <span class='ocrx_word' id='word_1_96' title='bbox 2536 1936 2674 1996; x_wconf 86' lang='lat' dir='ltr'><strong>mi-</strong></span> 
     </span>
     <span class='ocr_line' id='line_1_15' title="bbox 427 2035 2669 2117; baseline -0.001 -16"><span class='ocrx_word' id='word_1_97' title='bbox 427 2061 474 2102; x_wconf 82' lang='lat' dir='ltr'><strong>n</strong></span> <span class='ocrx_word' id='word_1_98' title='bbox 485 2061 532 2100; x_wconf 87' lang='lat' dir='ltr'><strong>u</strong></span> <span class='ocrx_word' id='word_1_99' title='bbox 547 2061 574 2101; x_wconf 82' lang='lat' dir='ltr'><strong>s</strong></span> <span class='ocrx_word' id='word_1_100' title='bbox 591 2085 610 2117; x_wconf 90' lang='lat'>‚</span> <span class='ocrx_word' id='word_1_101' title='bbox 659 2039 934 2100; x_wconf 82' lang='lat' dir='ltr'><strong>omnibus</strong></span> <span class='ocrx_word' id='word_1_102' title='bbox 969 2039 1174 2100; x_wconf 88' lang='lat' dir='ltr'><strong>literas</strong></span> <span class='ocrx_word' id='word_1_103' title='bbox 1218 2037 1326 2100; x_wconf 84' lang='lat' dir='ltr'><strong>has</strong></span> <span class='ocrx_word' id='word_1_104' title='bbox 1368 2037 1613 2099; x_wconf 86' lang='lat' dir='ltr'><strong>lecturis</strong></span> <span class='ocrx_word' id='word_1_105' title='bbox 1655 2035 1924 2099; x_wconf 83' lang='lat' dir='ltr'><strong>salutem.</strong></span> <span class='ocrx_word' id='word_1_106' title='bbox 2012 2037 2215 2111; x_wconf 86' lang='lat' dir='ltr'><strong>Quum</strong></span> <span class='ocrx_word' id='word_1_107' title='bbox 2253 2055 2378 2094; x_wconf 86' lang='lat' dir='ltr'><strong>non</strong></span> <span class='ocrx_word' id='word_1_108' title='bbox 2415 2035 2669 2116; x_wconf 85' lang='lat' dir='ltr'><strong>pridem,</strong></span> 
     </span>
    </p>

    <p class='ocr_par' dir='ltr' id='par_1_10' title="bbox 323 2137 2673 2260">
     <span class='ocr_line' id='line_1_16' title="bbox 323 2137 2673 2260; baseline -0.001 -57"><span class='ocrx_word' id='word_1_109' title='bbox 323 2181 382 2260; x_wconf 55' lang='grc' dir='ltr'>Ο</span> <span class='ocrx_word' id='word_1_110' title='bbox 429 2141 752 2224; x_wconf 71' lang='lat' dir='ltr'><strong>superstite</strong></span> <span class='ocrx_word' id='word_1_111' title='bbox 795 2141 995 2202; x_wconf 77' lang='lat' dir='ltr'><strong>adhuc</strong></span> <span class='ocrx_word' id='word_1_112' title='bbox 1038 2141 1360 2204; x_wconf 71' lang='lat' dir='ltr'><strong>Ludovico</strong></span> <span class='ocrx_word' id='word_1_113' title='bbox 1379 2184 1397 2218; x_wconf 90' lang='lat'>,</span> <span class='ocrx_word' id='word_1_114' title='bbox 1439 2141 1759 2201; x_wconf 83' lang='lat' dir='ltr'><strong>memoriae</strong></span> <span class='ocrx_word' id='word_1_115' title='bbox 1800 2137 2293 2200; x_wconf 81' lang='lat' dir='ltr'><strong>commendabilis</strong></span> <span class='ocrx_word' id='word_1_116' title='bbox 2332 2139 2489 2218; x_wconf 87' lang='lat' dir='ltr'><strong>Rege</strong></span> <span class='ocrx_word' id='word_1_117' title='bbox 2501 2183 2521 2217; x_wconf 87' lang='lat'>‚</span> <span class='ocrx_word' id='word_1_118' title='bbox 2564 2161 2673 2200; x_wconf 75' lang='lat' dir='ltr'><strong>so-</strong></span> 
     </span>
    </p>

    <p class='ocr_par' dir='ltr' id='par_1_11' title="bbox 431 2240 2675 2327">
     <span class='ocr_line' id='line_1_17' title="bbox 431 2240 2675 2327; baseline -0.001 -22"><span class='ocrx_word' id='word_1_119' title='bbox 431 2263 568 2305; x_wconf 86' lang='lat' dir='ltr'><strong>cero</strong></span> <span class='ocrx_word' id='word_1_120' title='bbox 599 2245 816 2304; x_wconf 85' lang='lat' dir='ltr'><strong>Nostro</strong></span> <span class='ocrx_word' id='word_1_121' title='bbox 845 2243 1038 2327; x_wconf 86' lang='lat' dir='ltr'><strong>(cuius</strong></span> <span class='ocrx_word' id='word_1_122' title='bbox 1069 2243 1298 2303; x_wconf 83' lang='lat' dir='ltr'><strong>animae</strong></span> <span class='ocrx_word' id='word_1_123' title='bbox 1341 2241 1711 2324; x_wconf 83' lang='lat' dir='ltr'><strong>propitietur</strong></span> <span class='ocrx_word' id='word_1_124' title='bbox 1741 2240 2134 2322; x_wconf 66' lang='lat' dir='ltr'><strong>altissimus)„</strong></span> <span class='ocrx_word' id='word_1_125' title='bbox 2160 2261 2397 2302; x_wconf 81' lang='lat' dir='ltr'><strong>sacrum</strong></span> <span class='ocrx_word' id='word_1_126' title='bbox 2426 2241 2675 2302; x_wconf 78' lang='lat' dir='ltr'><strong>Latera-</strong></span> 
     </span>
    </p>
   </div>
   <div class='ocr_carea' id='block_1_9' title="bbox 427 2342 2783 2435">
    <p class='ocr_par' dir='ltr' id='par_1_12' title="bbox 427 2342 2783 2435">
     <span class='ocr_line' id='line_1_18' title="bbox 427 2342 2783 2435; baseline -0.003 -29"><span class='ocrx_word' id='word_1_127' title='bbox 427 2365 614 2407; x_wconf 84' lang='lat' dir='ltr'><strong>nense</strong></span> <span class='ocrx_word' id='word_1_128' title='bbox 647 2345 986 2406; x_wconf 83' lang='lat' dir='ltr'><strong>Concilium</strong></span> <span class='ocrx_word' id='word_1_129' title='bbox 1015 2346 1250 2427; x_wconf 82' lang='lat' dir='ltr'><strong>saepius</strong></span> <span class='ocrx_word' id='word_1_130' title='bbox 1289 2343 1464 2406; x_wconf 78' lang='lat' dir='ltr'><strong>editis</strong></span> <span class='ocrx_word' id='word_1_131' title='bbox 1490 2342 1757 2404; x_wconf 75' lang='lat' dir='ltr'><strong>Decretis</strong></span> <span class='ocrx_word' id='word_1_132' title='bbox 1800 2342 2059 2402; x_wconf 82' lang='lat' dir='ltr'><strong>eundem</strong></span> <span class='ocrx_word' id='word_1_133' title='bbox 2086 2363 2363 2435; x_wconf 74' lang='lat' dir='ltr'><strong>socerum</strong></span> <span class='ocrx_word' id='word_1_134' title='bbox 2384 2343 2673 2406; x_wconf 81' lang='lat' dir='ltr'><strong>Nostrum</strong></span> <span class='ocrx_word' id='word_1_135' title='bbox 2776 2390 2783 2400; x_wconf 90' lang='lat'>.</span> 
     </span>
    </p>
   </div>
   <div class='ocr_carea' id='block_1_10' title="bbox 391 2425 2675 3867">
    <p class='ocr_par' dir='ltr' id='par_1_13' title="bbox 391 2425 2675 3867">
     <span class='ocr_line' id='line_1_19' title="bbox 427 2425 2674 2535; baseline -0.002 -23"><span class='ocrx_word' id='word_1_136' title='bbox 427 2451 506 2513; x_wconf 78' lang='lat' dir='ltr'><strong>ad</strong></span> <span class='ocrx_word' id='word_1_137' title='bbox 539 2425 808 2511; x_wconf 79' lang='lat' dir='ltr'><strong>eiusdem</strong></span> <span class='ocrx_word' id='word_1_138' title='bbox 839 2448 1092 2509; x_wconf 79' lang='lat' dir='ltr'><strong>concilii</strong></span> <span class='ocrx_word' id='word_1_139' title='bbox 1121 2457 1500 2511; x_wconf 84' lang='lat' dir='ltr'><strong>conventum·</strong></span> <span class='ocrx_word' id='word_1_140' title='bbox 1517 2453 1856 2525; x_wconf 81' lang='lat' dir='ltr'><strong>evocasset,</strong></span> <span class='ocrx_word' id='word_1_141' title='bbox 1904 2464 2042 2535; x_wconf 74' lang='lat' dir='ltr'><strong>cum</strong></span> <span class='ocrx_word' id='word_1_142' title='bbox 2087 2466 2273 2528; x_wconf 86' lang='lat' dir='ltr'><strong>eoque</strong></span> <span class='ocrx_word' id='word_1_143' title='bbox 2312 2439 2499 2527; x_wconf 74' lang='lat' dir='ltr'><strong>Regni</strong></span> <span class='ocrx_word' id='word_1_144' title='bbox 2536 2447 2674 2508; x_wconf 83' lang='lat' dir='ltr'><strong>Cu-</strong></span> 
     </span>
     <span class='ocr_line' id='line_1_20' title="bbox 425 2548 2671 2637; baseline -0.001 -22"><span class='ocrx_word' id='word_1_145' title='bbox 425 2554 546 2615; x_wconf 83' lang='lat' dir='ltr'><strong>rias</strong></span> <span class='ocrx_word' id='word_1_146' title='bbox 584 2548 650 2637; x_wconf 85' lang='lat' dir='ltr'><strong>(q</strong></span> <span class='ocrx_word' id='word_1_147' title='bbox 659 2572 760 2612; x_wconf 83' lang='lat' dir='ltr'><strong>uas</strong></span> <span class='ocrx_word' id='word_1_148' title='bbox 785 2551 1278 2615; x_wconf 83' lang='lat' dir='ltr'><strong>Parlamentarias</strong></span> <span class='ocrx_word' id='word_1_149' title='bbox 1307 2552 1626 2629; x_wconf 76' lang='lat' dir='ltr'><strong>vocamus)</strong></span> <span class='ocrx_word' id='word_1_150' title='bbox 1676 2550 2007 2611; x_wconf 78' lang='lat' dir='ltr'><strong>Ecclesiam</strong></span> <span class='ocrx_word' id='word_1_151' title='bbox 2038 2550 2287 2632; x_wconf 83' lang='lat' dir='ltr'><strong>insuper</strong></span> <span class='ocrx_word' id='word_1_152' title='bbox 2326 2552 2671 2614; x_wconf 80' lang='lat' dir='ltr'><strong>universam</strong></span> 
     </span>
     <span class='ocr_line' id='line_1_21' title="bbox 431 2652 2673 2735; baseline -0 -20"><span class='ocrx_word' id='word_1_153' title='bbox 431 2654 726 2715; x_wconf 86' lang='lat' dir='ltr'><strong>Gallicam</strong></span> <span class='ocrx_word' id='word_1_154' title='bbox 781 2664 1148 2735; x_wconf 80' lang='lat' dir='ltr'><strong>cunctasque</strong></span> <span class='ocrx_word' id='word_1_155' title='bbox 1197 2655 1389 2733; x_wconf 83' lang='lat' dir='ltr'><strong>Regni</strong></span> <span class='ocrx_word' id='word_1_156' title='bbox 1432 2653 1635 2714; x_wconf 79' lang='lat' dir='ltr'><strong>Nostri</strong></span> <span class='ocrx_word' id='word_1_157' title='bbox 1683 2662 1885 2732; x_wconf 84' lang='lat' dir='ltr'><strong>gentes</strong></span> <span class='ocrx_word' id='word_1_158' title='bbox 1937 2652 2439 2735; x_wconf 71' lang='lat' dir='ltr'><strong>Delphinaris&#39;que</strong></span> <span class='ocrx_word' id='word_1_159' title='bbox 2470 2653 2673 2715; x_wconf 82' lang='lat' dir='ltr'><strong>Nostri</strong></span> 
     </span>
     <span class='ocr_line' id='line_1_22' title="bbox 424 2750 2675 2839; baseline -0 -21"><span class='ocrx_word' id='word_1_160' title='bbox 424 2766 770 2839; x_wconf 68' lang='lat' dir='ltr'><strong>potentatus</strong></span> <span class='ocrx_word' id='word_1_161' title='bbox 805 2756 1214 2817; x_wconf 78' lang='lat' dir='ltr'><strong>admonendos</strong></span> <span class='ocrx_word' id='word_1_162' title='bbox 1245 2756 1603 2831; x_wconf 80' lang='lat' dir='ltr'><strong>censuisset3</strong></span> <span class='ocrx_word' id='word_1_163' title='bbox 1648 2764 1715 2814; x_wconf 92' lang='lat' dir='ltr'><strong>ut</strong></span> <span class='ocrx_word' id='word_1_164' title='bbox 1753 2756 1806 2813; x_wconf 83' lang='lat' dir='ltr'><strong>si</strong></span> <span class='ocrx_word' id='word_1_165' title='bbox 1846 2756 1997 2835; x_wconf 79' lang='lat' dir='ltr'><strong>quid</strong></span> <span class='ocrx_word' id='word_1_166' title='bbox 2032 2756 2405 2817; x_wconf 70' lang='lat' dir='ltr'><strong>auctoritatis</strong></span> <span class='ocrx_word' id='word_1_167' title='bbox 2440 2750 2675 2838; x_wconf 77' lang='lat' dir='ltr'><strong>priscae</strong></span> 
     </span>
     <span class='ocr_line' id='line_1_23' title="bbox 429 2831 2670 2941; baseline -0.001 -18"><span class='ocrx_word' id='word_1_168' title='bbox 429 2860 684 2937; x_wconf 84' lang='lat' dir='ltr'><strong>afferre,</strong></span> <span class='ocrx_word' id='word_1_169' title='bbox 729 2860 784 2919; x_wconf 83' lang='lat' dir='ltr'><strong>si</strong></span> <span class='ocrx_word' id='word_1_170' title='bbox 811 2877 927 2939; x_wconf 83' lang='lat' dir='ltr'><strong>qua</strong></span> <span class='ocrx_word' id='word_1_171' title='bbox 959 2859 1090 2919; x_wconf 81' lang='lat' dir='ltr'><strong>iura</strong></span> <span class='ocrx_word' id='word_1_172' title='bbox 1117 2858 1335 2937; x_wconf 86' lang='lat' dir='ltr'><strong>citare,</strong></span> <span class='ocrx_word' id='word_1_173' title='bbox 1379 2857 1432 2917; x_wconf 81' lang='lat' dir='ltr'><strong>ai</strong></span> <span class='ocrx_word' id='word_1_174' title='bbox 1460 2856 1724 2918; x_wconf 82' lang='lat' dir='ltr'><strong>rationes</strong></span> <span class='ocrx_word' id='word_1_175' title='bbox 1768 2831 2193 2920; x_wconf 68' lang='lat' dir='ltr'><strong>consentaneas</strong></span> <span class='ocrx_word' id='word_1_176' title='bbox 2222 2860 2420 2941; x_wconf 80' lang='lat' dir='ltr'><strong>palam</strong></span> <span class='ocrx_word' id='word_1_177' title='bbox 2449 2860 2670 2921; x_wconf 80' lang='lat' dir='ltr'><strong>edisse-</strong></span> 
     </span>
     <span class='ocr_line' id='line_1_24' title="bbox 425 2950 2670 3044; baseline -0 -20"><span class='ocrx_word' id='word_1_178' title='bbox 425 2982 562 3025; x_wconf 85' lang='lat' dir='ltr'><strong>rere</strong></span> <span class='ocrx_word' id='word_1_179' title='bbox 627 2980 806 3043; x_wconf 80' lang='lat' dir='ltr'><strong>posse</strong></span> <span class='ocrx_word' id='word_1_180' title='bbox 859 2959 1269 3039; x_wconf 85' lang='lat' dir='ltr'><strong>confiderent,</strong></span> <span class='ocrx_word' id='word_1_181' title='bbox 1325 2960 1642 3040; x_wconf 78' lang='lat' dir='ltr'><strong>quominus</strong></span> <span class='ocrx_word' id='word_1_182' title='bbox 1688 2950 1931 3023; x_wconf 87' lang='lat' dir='ltr'><strong>Sanctio</strong></span> <span class='ocrx_word' id='word_1_183' title='bbox 1978 2964 2347 3044; x_wconf 82' lang='lat' dir='ltr'><strong>pragmatica</strong></span> <span class='ocrx_word' id='word_1_184' title='bbox 2408 2961 2670 3023; x_wconf 83' lang='lat' dir='ltr'><strong>eiusdem</strong></span> 
     </span>
     <span class='ocr_line' id='line_1_25' title="bbox 431 3062 2669 3145; baseline 0 -20"><span class='ocrx_word' id='word_1_185' title='bbox 431 3064 686 3127; x_wconf 78' lang='lat' dir='ltr'><strong>concilii</strong></span> <span class='ocrx_word' id='word_1_186' title='bbox 716 3064 1075 3124; x_wconf 83' lang='lat' dir='ltr'><strong>auctoritate</strong></span> <span class='ocrx_word' id='word_1_187' title='bbox 1099 3072 1161 3125; x_wconf 87' lang='lat' dir='ltr'><strong>et</strong></span> <span class='ocrx_word' id='word_1_188' title='bbox 1193 3063 1491 3123; x_wconf 79' lang='lat' dir='ltr'><strong>sententia</strong></span> <span class='ocrx_word' id='word_1_189' title='bbox 1528 3062 1973 3143; x_wconf 76' lang='lat' dir='ltr'><strong>antiquaretur,</strong></span> <span class='ocrx_word' id='word_1_190' title='bbox 2018 3067 2445 3145; x_wconf 74' lang='lat' dir='ltr'><strong>abrogaretur,</strong></span> <span class='ocrx_word' id='word_1_191' title='bbox 2484 3065 2669 3126; x_wconf 82' lang='lat' dir='ltr'><strong>indu-</strong></span> 
     </span>
     <span class='ocr_line' id='line_1_26' title="bbox 429 3138 2668 3247; baseline -0.001 -18"><span class='ocrx_word' id='word_1_192' title='bbox 429 3177 706 3247; x_wconf 74' lang='lat' dir='ltr'><strong>ceretur,</strong></span> <span class='ocrx_word' id='word_1_193' title='bbox 748 3167 1039 3247; x_wconf 86' lang='lat' dir='ltr'><strong>irritaque</strong></span> <span class='ocrx_word' id='word_1_194' title='bbox 1074 3176 1134 3227; x_wconf 90' lang='lat' dir='ltr'><strong>et</strong></span> <span class='ocrx_word' id='word_1_195' title='bbox 1161 3138 1354 3227; x_wconf 86' lang='lat' dir='ltr'><strong>nulla</strong></span> <span class='ocrx_word' id='word_1_196' title='bbox 1352 3166 1857 3247; x_wconf 67' lang='lat' dir='ltr'><strong>pronunciat-etur</strong></span> <span class='ocrx_word' id='word_1_197' title='bbox 1892 3176 1952 3227; x_wconf 90' lang='lat' dir='ltr'><strong>et</strong></span> <span class='ocrx_word' id='word_1_198' title='bbox 1978 3167 2385 3247; x_wconf 81' lang='lat' dir='ltr'><strong>schismatica,</strong></span> <span class='ocrx_word' id='word_1_199' title='bbox 2424 3168 2491 3229; x_wconf 79' lang='lat' dir='ltr'><strong>id</strong></span> <span class='ocrx_word' id='word_1_200' title='bbox 2512 3168 2668 3230; x_wconf 71' lang='lat' dir='ltr'><strong>infra</strong></span> 
     </span>
     <span class='ocr_line' id='line_1_27' title="bbox 430 3268 2667 3350; baseline -0 -17"><span class='ocrx_word' id='word_1_201' title='bbox 430 3270 590 3335; x_wconf 77' lang='lat' dir='ltr'><strong>diem</strong></span> <span class='ocrx_word' id='word_1_202' title='bbox 619 3270 800 3331; x_wconf 83' lang='lat' dir='ltr'><strong>dictis</strong></span> <span class='ocrx_word' id='word_1_203' title='bbox 832 3270 1098 3330; x_wconf 75' lang='lat' dir='ltr'><strong>Decretis</strong></span> <span class='ocrx_word' id='word_1_204' title='bbox 1129 3268 1460 3350; x_wconf 81' lang='lat' dir='ltr'><strong>praefixam</strong></span> <span class='ocrx_word' id='word_1_205' title='bbox 1489 3268 1824 3346; x_wconf 82' lang='lat' dir='ltr'><strong>efficerent3</strong></span> <span class='ocrx_word' id='word_1_206' title='bbox 1872 3290 1990 3349; x_wconf 89' lang='lat' dir='ltr'><strong>quo</strong></span> <span class='ocrx_word' id='word_1_207' title='bbox 2013 3272 2283 3349; x_wconf 88' lang='lat' dir='ltr'><strong>neglecto</strong></span> <span class='ocrx_word' id='word_1_208' title='bbox 2326 3271 2467 3332; x_wconf 85' lang='lat' dir='ltr'><strong>talis</strong></span> <span class='ocrx_word' id='word_1_209' title='bbox 2494 3270 2667 3331; x_wconf 79' lang='lat' dir='ltr'><strong>deni-</strong></span> 
     </span>
     <span class='ocr_line' id='line_1_28' title="bbox 431 3368 2665 3456; baseline -0 -22"><span class='ocrx_word' id='word_1_210' title='bbox 431 3394 551 3456; x_wconf 82' lang='lat' dir='ltr'><strong>que</strong></span> <span class='ocrx_word' id='word_1_211' title='bbox 583 3374 776 3451; x_wconf 80' lang='lat' dir='ltr'><strong>(sacro</strong></span> <span class='ocrx_word' id='word_1_212' title='bbox 803 3371 1176 3454; x_wconf 76' lang='lat' dir='ltr'><strong>approbante</strong></span> <span class='ocrx_word' id='word_1_213' title='bbox 1205 3368 1503 3453; x_wconf 86' lang='lat' dir='ltr'><strong>Concilio)</strong></span> <span class='ocrx_word' id='word_1_214' title='bbox 1532 3371 1969 3435; x_wconf 84' lang='lat' dir='ltr'><strong>decerneretur.</strong></span> <span class='ocrx_word' id='word_1_215' title='bbox 2056 3373 2298 3435; x_wconf 85' lang='lat' dir='ltr'><strong>Dudum</strong></span> <span class='ocrx_word' id='word_1_216' title='bbox 2326 3382 2525 3433; x_wconf 87' lang='lat' dir='ltr'><strong>autem</strong></span> <span class='ocrx_word' id='word_1_217' title='bbox 2555 3382 2665 3433; x_wconf 85' lang='lat' dir='ltr'><strong>sta-</strong></span> 
     </span>
     <span class='ocr_line' id='line_1_29' title="bbox 428 3472 2667 3557; baseline 0 -20"><span class='ocrx_word' id='word_1_218' title='bbox 428 3476 660 3557; x_wconf 77' lang='lat' dir='ltr'><strong>timque</strong></span> <span class='ocrx_word' id='word_1_219' title='bbox 692 3475 912 3553; x_wconf 86' lang='lat' dir='ltr'><strong>Nobis,</strong></span> <span class='ocrx_word' id='word_1_220' title='bbox 953 3473 1349 3535; x_wconf 80' lang='lat' dir='ltr'><strong>diadematico</strong></span> <span class='ocrx_word' id='word_1_221' title='bbox 1381 3473 1625 3552; x_wconf 81' lang='lat' dir='ltr'><strong>fastigio</strong></span> <span class='ocrx_word' id='word_1_222' title='bbox 1662 3472 1869 3550; x_wconf 66' lang='lat' dir='ltr'><strong>divina</strong></span> <span class='ocrx_word' id='word_1_223' title='bbox 1889 3473 2257 3555; x_wconf 84' lang='lat' dir='ltr'><strong>benignitate</strong></span> <span class='ocrx_word' id='word_1_224' title='bbox 2284 3476 2506 3553; x_wconf 83' lang='lat' dir='ltr'><strong>auctis,</strong></span> <span class='ocrx_word' id='word_1_225' title='bbox 2551 3478 2667 3537; x_wconf 81' lang='lat' dir='ltr'><strong>Re-</strong></span> 
     </span>
     <span class='ocr_line' id='line_1_30' title="bbox 431 3577 2667 3660; baseline -0.001 -19"><span class='ocrx_word' id='word_1_226' title='bbox 431 3600 731 3660; x_wconf 82' lang='lat' dir='ltr'><strong>gnumque</strong></span> <span class='ocrx_word' id='word_1_227' title='bbox 776 3578 1092 3658; x_wconf 85' lang='lat' dir='ltr'><strong>auspicato</strong></span> <span class='ocrx_word' id='word_1_228' title='bbox 1159 3577 1543 3637; x_wconf 85' lang='lat' dir='ltr'><strong>ineuntibus:</strong></span> <span class='ocrx_word' id='word_1_229' title='bbox 1616 3597 1757 3637; x_wconf 88' lang='lat' dir='ltr'><strong>cum</strong></span> <span class='ocrx_word' id='word_1_230' title='bbox 1794 3597 2007 3639; x_wconf 82' lang='lat' dir='ltr'><strong>rursus</strong></span> <span class='ocrx_word' id='word_1_231' title='bbox 2060 3578 2425 3640; x_wconf 80' lang='lat' dir='ltr'><strong>eiuscemodi</strong></span> <span class='ocrx_word' id='word_1_232' title='bbox 2476 3578 2667 3640; x_wconf 83' lang='lat' dir='ltr'><strong>edicta</strong></span> 
     </span>
     <span class='ocr_line' id='line_1_31' title="bbox 391 3678 2663 3763; baseline -0 -21"><span class='ocrx_word' id='word_1_233' title='bbox 391 3680 404 3685; x_wconf 75' lang='grc'><strong><em>’</em></strong></span> <span class='ocrx_word' id='word_1_234' title='bbox 427 3682 546 3743; x_wconf 83' lang='lat' dir='ltr'><strong>alia</strong></span> <span class='ocrx_word' id='word_1_235' title='bbox 576 3692 754 3763; x_wconf 87' lang='lat' dir='ltr'><strong>atque</strong></span> <span class='ocrx_word' id='word_1_236' title='bbox 783 3680 902 3740; x_wconf 82' lang='lat' dir='ltr'><strong>alia</strong></span> <span class='ocrx_word' id='word_1_237' title='bbox 931 3679 1006 3739; x_wconf 86' lang='lat' dir='ltr'><strong>ab</strong></span> <span class='ocrx_word' id='word_1_238' title='bbox 1039 3678 1244 3739; x_wconf 81' lang='lat' dir='ltr'><strong>eadem</strong></span> <span class='ocrx_word' id='word_1_239' title='bbox 1275 3680 1636 3740; x_wconf 85' lang='lat' dir='ltr'><strong>auctoritate</strong></span> <span class='ocrx_word' id='word_1_240' title='bbox 1680 3682 1982 3741; x_wconf 80' lang='lat' dir='ltr'><strong>manantia</strong></span> <span class='ocrx_word' id='word_1_241' title='bbox 2004 3681 2446 3763; x_wconf 73' lang='lat' dir='ltr'><strong>innotuissent,</strong></span> <span class='ocrx_word' id='word_1_242' title='bbox 2488 3682 2663 3743; x_wconf 80' lang='lat' dir='ltr'><strong>Nobis</strong></span> 
     </span>
     <span class='ocr_line' id='line_1_32' title="bbox 425 3780 2662 3867; baseline 0 -23"><span class='ocrx_word' id='word_1_243' title='bbox 425 3784 604 3845; x_wconf 78' lang='lat' dir='ltr'><strong>etiam</strong></span> <span class='ocrx_word' id='word_1_244' title='bbox 633 3783 994 3861; x_wconf 78' lang='lat' dir='ltr'><strong>Nostriaque</strong></span> <span class='ocrx_word' id='word_1_245' title='bbox 1044 3780 1240 3841; x_wconf 85' lang='lat' dir='ltr'><strong>Curiis</strong></span> <span class='ocrx_word' id='word_1_246' title='bbox 1281 3780 1587 3843; x_wconf 76' lang='lat' dir='ltr'><strong>Ecclesiae</strong></span> <span class='ocrx_word' id='word_1_247' title='bbox 1628 3782 1974 3843; x_wconf 80' lang='lat' dir='ltr'><strong>Gallicanae</strong></span> <span class='ocrx_word' id='word_1_248' title='bbox 2012 3806 2083 3844; x_wconf 90' lang='lat' dir='ltr'><strong>ac</strong></span> <span class='ocrx_word' id='word_1_249' title='bbox 2122 3784 2377 3845; x_wconf 81' lang='lat' dir='ltr'><strong>subditis</strong></span> <span class='ocrx_word' id='word_1_250' title='bbox 2426 3784 2662 3867; x_wconf 77' lang='lat' dir='ltr'><strong>populis</strong></span> 
     </span>
    </p>
   </div>
   <div class='ocr_carea' id='block_1_11' title="bbox 425 3883 2759 3970">
    <p class='ocr_par' dir='ltr' id='par_1_14' title="bbox 425 3883 2759 3970">
     <span class='ocr_line' id='line_1_33' title="bbox 425 3883 2759 3970; baseline 0.002 -26"><span class='ocrx_word' id='word_1_251' title='bbox 425 3886 626 3948; x_wconf 86' lang='lat' dir='ltr'><strong>edicto</strong></span> <span class='ocrx_word' id='word_1_252' title='bbox 659 3886 986 3949; x_wconf 82' lang='lat' dir='ltr'><strong>novissimo</strong></span> <span class='ocrx_word' id='word_1_253' title='bbox 1015 3904 1088 3945; x_wconf 92' lang='lat' dir='ltr'><strong>ac</strong></span> <span class='ocrx_word' id='word_1_254' title='bbox 1127 3904 1339 3944; x_wconf 86' lang='lat' dir='ltr'><strong>causae</strong></span> <span class='ocrx_word' id='word_1_255' title='bbox 1365 3883 1770 3966; x_wconf 79' lang='lat' dir='ltr'><strong>peremptorio</strong></span> <span class='ocrx_word' id='word_1_256' title='bbox 1822 3906 1955 3966; x_wconf 83' lang='lat' dir='ltr'><strong>spes</strong></span> <span class='ocrx_word' id='word_1_257' title='bbox 2004 3889 2195 3947; x_wconf 88' lang='lat' dir='ltr'><strong>omnis</strong></span> <span class='ocrx_word' id='word_1_258' title='bbox 2222 3896 2377 3947; x_wconf 79' lang='lat' dir='ltr'><strong>esset</strong></span> <span class='ocrx_word' id='word_1_259' title='bbox 2408 3907 2663 3970; x_wconf 83' lang='lat' dir='ltr'><strong>purgan-</strong></span> <span class='ocrx_word' id='word_1_260' title='bbox 2750 3902 2759 3910; x_wconf 85' lang='grc'><em>“</em></span> 
     </span>
    </p>
   </div>
   <div class='ocr_carea' id='block_1_12' title="bbox 424 3988 2665 4277">
    <p class='ocr_par' dir='ltr' id='par_1_15' title="bbox 424 3988 2665 4277">
     <span class='ocr_line' id='line_1_34' title="bbox 425 3988 2663 4070; baseline 0.001 -22"><span class='ocrx_word' id='word_1_261' title='bbox 425 3990 536 4049; x_wconf 85' lang='lat' dir='ltr'><strong>dae</strong></span> <span class='ocrx_word' id='word_1_262' title='bbox 567 4009 772 4049; x_wconf 84' lang='lat' dir='ltr'><strong>morae</strong></span> <span class='ocrx_word' id='word_1_263' title='bbox 792 3988 1097 4070; x_wconf 82' lang='lat' dir='ltr'><strong>praecisa3</strong></span> <span class='ocrx_word' id='word_1_264' title='bbox 1141 3996 1215 4048; x_wconf 84' lang='lat' dir='ltr'><strong>ut</strong></span> <span class='ocrx_word' id='word_1_265' title='bbox 1245 3988 1294 4047; x_wconf 82' lang='lat' dir='ltr'><strong>ai</strong></span> <span class='ocrx_word' id='word_1_266' title='bbox 1323 3988 1573 4048; x_wconf 85' lang='lat' dir='ltr'><strong>ulterius</strong></span> <span class='ocrx_word' id='word_1_267' title='bbox 1601 3988 1877 4047; x_wconf 87' lang='lat' dir='ltr'><strong>cunctari</strong></span> <span class='ocrx_word' id='word_1_268' title='bbox 1920 3988 1989 4048; x_wconf 90' lang='lat' dir='ltr'><strong>in</strong></span> <span class='ocrx_word' id='word_1_269' title='bbox 2028 3990 2297 4051; x_wconf 86' lang='lat' dir='ltr'><strong>animum</strong></span> <span class='ocrx_word' id='word_1_270' title='bbox 2324 3990 2663 4051; x_wconf 79' lang='lat' dir='ltr'><strong>induxisse-</strong></span> 
     </span>
     <span class='ocr_line' id='line_1_35' title="bbox 424 4088 2665 4173; baseline 0.002 -22"><span class='ocrx_word' id='word_1_271' title='bbox 424 4110 605 4168; x_wconf 80' lang='lat' dir='ltr'><strong>mua3</strong></span> <span class='ocrx_word' id='word_1_272' title='bbox 649 4093 924 4151; x_wconf 85' lang='lat' dir='ltr'><strong>futurum</strong></span> <span class='ocrx_word' id='word_1_273' title='bbox 957 4090 1201 4151; x_wconf 86' lang='lat' dir='ltr'><strong>omnino</strong></span> <span class='ocrx_word' id='word_1_274' title='bbox 1225 4090 1533 4153; x_wconf 81' lang='lat' dir='ltr'><strong>videretur</strong></span> <span class='ocrx_word' id='word_1_275' title='bbox 1558 4090 1625 4149; x_wconf 85' lang='lat' dir='ltr'><strong>in</strong></span> <span class='ocrx_word' id='word_1_276' title='bbox 1654 4088 1803 4149; x_wconf 86' lang='lat' dir='ltr'><strong>haec</strong></span> <span class='ocrx_word' id='word_1_277' title='bbox 1835 4090 2185 4152; x_wconf 78' lang='lat' dir='ltr'><strong>discrimina</strong></span> <span class='ocrx_word' id='word_1_278' title='bbox 2204 4092 2494 4171; x_wconf 82' lang='lat' dir='ltr'><strong>incidere,</strong></span> <span class='ocrx_word' id='word_1_279' title='bbox 2522 4112 2665 4173; x_wconf 84' lang='lat' dir='ltr'><strong>quae</strong></span> 
     </span>
     <span class='ocr_line' id='line_1_36' title="bbox 425 4191 2661 4277; baseline 0.003 -23"><span class='ocrx_word' id='word_1_280' title='bbox 425 4192 768 4254; x_wconf 83' lang='lat' dir='ltr'><strong>antedictae</strong></span> <span class='ocrx_word' id='word_1_281' title='bbox 807 4194 1208 4277; x_wconf 77' lang='lat' dir='ltr'><strong>pragmaticae</strong></span> <span class='ocrx_word' id='word_1_282' title='bbox 1237 4191 1579 4254; x_wconf 83' lang='lat' dir='ltr'><strong>Sanctionis</strong></span> <span class='ocrx_word' id='word_1_283' title='bbox 1612 4193 1931 4255; x_wconf 84' lang='lat' dir='ltr'><strong>Decretum</strong></span> <span class='ocrx_word' id='word_1_284' title='bbox 1970 4192 2093 4255; x_wconf 82' lang='lat' dir='ltr'><strong>hoc</strong></span> <span class='ocrx_word' id='word_1_285' title='bbox 2120 4194 2189 4257; x_wconf 88' lang='lat' dir='ltr'><strong>in</strong></span> <span class='ocrx_word' id='word_1_286' title='bbox 2216 4199 2421 4277; x_wconf 82' lang='lat' dir='ltr'><strong>Regno</strong></span> <span class='ocrx_word' id='word_1_287' title='bbox 2448 4196 2661 4261; x_wconf 78' lang='lat' dir='ltr'><strong>Nostro</strong></span> 
     </span>
    </p>
   </div>
  </div>
 </body>
</html>
