2930 4963
306 547 335 566 Q

402 309 529 372 176

398 471 523 534 Soli
560 473 719 534 enim
745 491 835 534 ex·
852 472 1131 536 omnibus
1156 471 1326 536 Italis
1362 491 1472 554 per
1499 471 1658 534 viam
1701 491 1817 534 nos
1853 457 2266 554 honorarunt,
2309 475 2626 542 esculentis

396 584 459 636 et
497 578 833 660 poculentis
872 578 951 638 ad
984 576 1317 658 hospitium
1361 575 1616 638 ubertim
1659 577 1874 640 missis.
1959 577 2038 638 Et
2077 579 2168 671 sic
2207 579 2434 662 primae
2467 579 2630 662 parti

393 677 687 737 modum‘
660 680 1051 765 imponimus.

564 779 687 838 Vix
711 783 879 860 equis
912 781 1435 856 descenderamus,
1479 801 1614 840 cum
1641 778 1814 866 affuit
1841 791 1903 842 et
1925 783 2333 879 Baucis-cun
2377 779 2684 860 Epheso--

396 900 511 960 pus
552 881 981 962 Feri-ariensis,
1037 883 1470 944 Thesaurarius
1513 883 1923 962 Apostolicus,
1987 884 2268 964 pluribus
2319 881 2630 964 Episcopis

396 983 745 1087 comitatus,
801 986 907 1064 qui
954 987 1201 1046 nomine
1244 986 1461 1054 summi
1507 984 1815 1044 Pontificis
1857 1005 1970 1046 nos
2023 987 2250 1066 recepit
2299 986 2634 1064 obtulitque

303 1125 321 1146 η
392 1086 613 1162 multa,
660 1090 931 1165 quamvis
956 1088 1109 1148 nihil
1134 1089 1417 1151 attulerit.
1501 1087 1789 1146 Hor-tatus
1819 1096 1939 1164 est,
1993 1089 2332 1148 tractabiles
2361 1098 2432 1147 ut
2461 1108 2644 1168 esse-⁶,

350 1235 357 1244 .
392 1207 555 1264 mus3
611 1207 751 1248 nam
790 1189 949 1250 bene
982 1191 1155 1270 dirigi
1196 1191 1397 1252 omnia
1436 1198 1698 1271 possent.
1783 1188 1944 1252 Huic
1977 1189 2193 1268 gratias
2233 1192 2354 1282 egit
2391 1191 2634 1250 nomine

394 1290 663 1352 omnium
702 1289 949 1350 Aeneae
1006 1290 1171 1374 (nam
1220 1293 1275 1352 ei
1326 1293 1684 1374 plerumque
1732 1291 1972 1354 dicendi
2027 1313 2181 1354 onus
2223 1291 2630 1373 incumbebat)

341 1461 353 1472 1
396 1392 711 1473 dixitque,
752 1393 973 1474 regiam
1006 1395 1367 1455 maiestatem
1394 1393 1550 1454 nihil
1581 1404 1781 1478 petere
1811 1395 1928 1454 nisi
1955 1394 2412 1474 honesta·atque
2439 1395 2634 1472 utilia,
2691 1407 2704 1418 '

360 1493 363 1496 ’
394 1515 511 1554 nec
546 1495 835 1557 diversam
872 1517 999 1556 esse
1026 1499 1375 1579 Principum
1402 1499 1744 1562 Electorum
1771 1499 2156 1575 sententiam,
2188 1499 2265 1572 jn
2282 1499 2634 1561 Oratoribus

398 1617 641 1678 quoque
678 1619 799 1657 non
834 1601 961 1658 sore
995 1599 1428 1661 difficultatem.
1519 1602 1750 1670 contra,
1777 1599 1960 1660 etiam
1983 1599 2258 1662 hortatus
2289 1611 2410 1677 est,
2453 1601 2634 1661 beni-

397 1719 583 1778 gnum
608 1709 693 1760 'ut
730 1721 791 1762 se
818 1703 977 1780 Papa
1010 1702 1319 1781 praeberet
1350 1702 1678 1782 unicuique
1707 1711 1766 1760 et
1789 1702 2044 1762 facilem.
2129 1703 2251 1762 Nec
2279 1705 2470 1762 multa
2499 1706 2632 1764 fue-

396 1813 545 1864 runt
598 1803 800 1864 verbs.
888 1803 1085 1863 Ieiuni
1140 1785 1340 1864 adliuc
1390 1823 1654 1882 eramus,
1719 1813 1779 1864 et
1825 1805 1956 1867 'dies
2005 1807 2072 1866 in
2130 1816 2368 1866 noctem
2424 1807 2634 1876 iverat.
2659 1797 2672 1810 ’

396 1901 797 1983 Famelicum,
840 1925 965 1964 non
990 1905 1283 1986 plenum,
1340 1915 1638 1966 oratorem
1669 1899 1878 1968 audire
1905 1911 2141 1972 vellem.
2225 1908 2632 1969 Sententiosus

402 2009 599 2088 enim,
636 2029 765 2068 non
788 2009 1083 2073 ‘verbosus
1116 2018 1235 2089 est,
1272 2007 1376 2090 qui
1412 2008 1536 2067 cibi
1567 2008 1824 2088 cupidus
1867 2013 2094 2074 esurire
2129 2035 2192 2076 se
2227 2024 2368 2096 post
2397 2016 2634 2078 oratio-

388 2095 536 2172 ,nem
582 2113 773 2174 novit.
864 2112 949 2172 Ea
986 2122 1165 2172 nocte
1205 2110 1539 2172 cardinalis
1564 2101 1956 2174 Bononiensis
1990 2136 2204 2196 aprum
2247 2114 2451 2195 nobis,
2493 2113 2637 2199 per-

398 2214 592 2291 dicca,
667 2204 989 2320 phasianus
1042 2215 1374 2294 vinumque
1434 2215 1730 2294 optimum
1785 2215 1952 2276 misit
2017 2219 2210 2296 dono;
2270 2221 2637 2282 Procurator

394 2315 821 2396 pincernarum
855 2303 1285 2394 confectiones,
1330 2337 1528 2378 ceram
1569 2327 1626 2378 et
1659 2317 1888 2382 vinum.
1977 2319 2118 2380 Post
2149 2321 2297 2384 haec
2331 2325 2636 2384 conveni·—

392 2437 526 2477 mus
560 2419 743 2478 altera
776 2419 875 2478 die
910 2419 1075 2501 apud
1105 2421 1165 2483 S.
1195 2420 1578 2480 Laurentium
1617 2420 1681 2479 in
1713 2421 1984 2493 Damaso.
2069 2423 2208 2484 Tria
2247 2424 2328 2485 ibi
2369 2426 2636 2487 discussa

392 2530 557 2583 sunt.
644 2523 783 2583 Visa
832 2533 923 2583 est
964 2524 1191 2601 orati0,
1252 2546 1427 2605 quam
1473 2524 1716 2585 Aeneas
1773 2536 2142 2607 conceperat.
2226 2528 2312 2608 Ea
2357 2529 2632 2589 omnibus

324 2638 339 2647 “
398 2623 665 2703 placuit,
708 2646 900 2704 neque
932 2627 1261 2717 quidquam
1291 2647 1367 2687 ex
1389 2646 1453 2685 ea
1479 2636 1776 2685 mutatum
1807 2627 1927 2705 est,
1973 2629 2086 2689 nisi
2117 2631 2312 2709 quod,
2341 2632 2446 2691 ubi
2479 2652 2636 2691 neu·-

390 2724 674 2783 tralitatis
722 2728 945 2787 mentio
980 2708 1189 2803 fiebat,
1244 2729 1579 2789 animorum
1623 2729 1744 2788 dici
1785 2732 2234 2817 suspensionem
2271 2734 2457 2813 magis
2499 2734 2634 2815 pla-

396 2825 543 2884 cuit.
630 2826 1033 2903 Deliberatum
1072 2838 1196 2908 est,
1248 2817 1612 2889 audientiam
1651 2831 1865 2890 summi
1900 2835 2208 2895 Pontificis
2241 2855 2350 2915 per
2391 2856 2634 2917 operam

396 2925 775 2989 Thesamarii
806 2941 1039 3011 petere,
1082 2933 1187 3013 qui
1224 2933 1300 2991 ad
1328 2952 1441 2990 nos
1475 2932 1684 2991 missus
1721 2937 1946 3013 fuerat3
1991 2958 2066 2997 ne
2097 2938 2425 2999 cardinalis
2455 2940 2634 3001 unius

396 3029 667 3089 studium
714 3030 1143 3115 implorantes,
1212 3034 1457 3093 alterius
1511 3034 1982 3114 indignationem
2033 3042 2504 3119 incurreremus3
2563 3052 2636 3102 ut

394 3138 538 3189 subt
586 3130 798 3191 Curiae
842 3135 1199 3199 insidiarum
1243 3138 1455 3217 plenae
1497 3148 1675 3216 atque
1690 3181 1709 3214 ,
1773 3139 1879 3200 ubi
1929 3142 2150 3205 maiora
2193 3153 2338 3203 sunt
2373 3144 2632 3225 ingenia,

392 3231 505 3290 ibi
491 3233 698 3313 -‘plus
680 3238 949 3297 invenias
972 3239 1311 3301 simultatis.
1400 3240 1766 3301 conclusum
1797 3253 1886 3303 est
1914 3244 2120 3317 etiam,
2165 3266 2318 3305 cum
2313 3246 2633 3309 adeundus

390 3345 545 3395 esset
583 3337 855 3398 Pontifex
886 3340 1213 3415 Maximae,
1256 3310 1854 3424 Metropolitanum-um
1881 3348 2162 3407 Oratores
2197 3348 2495 3409 accersiri.
2562 3350 2634 3411 Iu

394 3456 457 3495 ea
492 3458 557 3519 re
590 3439 835 3501 dubium
870 3453 1015 3503 erat.
1098 3444 1222 3503 Nec
1256 3444 1412 3505 enim
1458 3447 1765 3508 auditurus
1800 3453 2120 3528 Eugenius
2148 3450 2428 3514 Oratores
2463 3454 2634 3541 Mag-

392 3514 779 3620 deburg‘ensis
820 3542 891 3627 *)
930 3555 991 3608 et
1035 3546 1371 3607 Bremensis
1416 3548 2032 3631 Archiepiscoporum
2075 3554 2464 3643 credebatur,
2527 3560 2632 3639 qui

387 3641 655 3703 Basileae
708 3647 948 3709 fuerant
1001 3648 1361 3709 confirmati.
1458 3651 1578 3710 Sed
1627 3662 1882 3732 accepto.
1927 3653 2180 3715 consilio
2227 3678 2260 3715 a
2317 3658 2634 3721 Cardinale

387 3746 451 3811 Q
500 3746 751 3825 Angeli,
834 3771 960 3809 non
1024 3750 1666 3833 Archiepiscoporum,
1749 3753 1856 3813 sed
1925 3742 2327 3819 Ecclesiarum·
2365 3764 2632 3823 nuntios
2705 3781 2712 3785 ·

364 3865 605 3935 ‘vocare
662 3850 801 3911 illos
852 3853 1247 3913 decrevimus.
1332 3854 1403 3911 111
1456 3854 1622 3911 omni
1671 3874 1743 3913 re
1798 3854 2128 3917 adhibenda
2179 3870 2268 3921 est
2314 3864 2631 3925 industrii.

386 3946 565 4007 Utilis
606 3960 696 4010 est
736 3952 1078 4035 simulatio,
1124 3974 1276 4035 quae
1310 3974 1437 4013 non
1471 3953 1653 4015 habet
1683 3956 2084 4021 mendacium.
2165 3964 2634 4048 contorquenda'
2664 3973 2682 3983 ⁸

1877 4096 1888 4126 1

509 4250 573 4339 *)
614 4262 881 4319 Bata-‘cius
910 4264 1012 4321 hat
1042 4264 1381 4337 fehlerhafle
1422 4266 2119 4345 fitandeburgensis.
