2930 4963
271 276 503 381 'seo

369 476 449 539 ad
476 476 719 539 laudem
756 478 1216 561 omnipotentia,
1250 479 1341 541 ita
1380 478 1662 563 ampliter
1695 488 1876 562 atque
1917 453 2040 541 lice
2073 488 2256 563 pacto
2299 480 2613 562 dotarunt,-

370 578 745 659 divitiisque
768 590 1107 658 metunt,
1150 581 1315 660 quod
1354 581 1472 641 iam
1503 580 1666 643 [aiei
1699 578 1818 663 ipsi
1857 582 1970 643 vix
1996 582 2237 645 tertiam
2277 592 2386 645 aut
2423 604 2614 663 quar-

368 690 493 755 tam
522 690 757 763 partem
781 682 849 743 in
874 676 1053 743 bonis
1086 682 1522 763 temporalibus
1545 683 1858 765 possident
1887 696 2068 765 atque
2099 686 2177 746 ob
2205 672 2338 747 eam
2375 706 2614 747 causam

366 784 712 845 necessitati
763 794 891 847 tam
950 784 1500 855 Ecclesiasticorum
1520 833 1540 862 ,
1601 806 1777 867 quam
1827 786 2148 855 Laicorum
2193 788 2612 865 sublevandae,

366 872 983 977 propugnandaeque,
1028 908 1100 948 ac
1123 908 1305 947 manu
1330 887 1736 987 defendendae
1757 890 1892 969 paci
1919 911 1991 949 ac
2017 890 2141 951 iuri
2159 891 2458 981 publicis,
2499 912 2615 953 nec

367 1009 492 1050 ιιοιι
536 998 598 1048 et
636 990 699 1049 in
740 988 1002 1066 Turcas,
1060 998 1442 1068 caeterosque
1488 990 1787 1051 Ecclesiae
1824 990 2160 1053 catholicae
2187 1012 2259 1052 ac
2295 992 2453 1053 sacri
2487 994 2614 1055 Ro-

366 1092 535 1153 mani
574 1091 821 1173 Imperii
862 1092 1098 1169 hostes,
1160 1092 1459 1173 parandae
1499 1093 1908 1174 expeditioni,
1963 1114 2107 1174 prae
2153 1114 2384 1155 rerum
2408 1094 2615 1176 inopia

272 1230 289 1239 -
367 1193 533 1255 vires
574 1195 772 1255 minus
808 1202 1169 1274 suppetunt:
1222 1194 1359 1254 ideo
1402 1196 1630 1273 negotii
1643 1195 1848 1279 ·ipsius
1887 1197 2071 1277 exigit
2110 1198 2465 1274 necessitas,
2509 1198 2615 1257 a'e-

371 1296 718 1378 quitasque,
758 1294 919 1375 quod
947 1296 1244 1356 Sanctitas
1269 1296 1581 1378 pontificia
1607 1296 1695 1357 ita
1723 1318 1906 1378 aeque
1933 1320 2004 1359 ac
2029 1310 2277 1381 paterne
2299 1320 2428 1361 rem
2453 1294 2614 1360 t‘em-'
2675 1280 2690 1291 .

366 1408 578 1483 peret,
634 1406 708 1458 ut
732 1397 1139 1459 Ecclesiastici
1186 1400 1399 1477 etiam,
1460 1387 1762 1479 tanqu'am
1791 1402 1896 1480 qui
1937 1402 2256 1483 ampliores
2307 1402 2618 1481 possident

368 1500 641 1577 divitias,
685 1500 909 1562 nedum
938 1510 1147 1561 contra
1182 1503 1409 1562 'furcas
1430 1501 1508 1561 ad
1535 1502 1848 1562 ferendum
1879 1524 2052 1589 opem
2081 1514 2400 1565 teneantur
2433 1504 2615 1564 auxi-

366 1598 545 1663 liare's
578 1604 884 1684 porrigere
926 1624 1169 1682 manus,
1214 1604 1318 1664 sed
1356 1602 1435 1662 ad
1474 1602 1764 1663 tuendum
1809 1604 1905 1665 ius
1943 1607 2292 1688 publicum,
2335 1626 2405 1667 ac
2441 1616 2615 1667 tran-

371 1705 629 1786 quillum
664 1704 1029 1785 reipublicae
1060 1706 1429 1766 Christianae
1458 1712 1715 1783 statum,
1763 1710 2082 1786 quotannis
2114 1710 2402 1791 pecuniae
2435 1711 2616 1791 quip-

365 1807 1123 1893 piam·contribuendum,'
1156 1794 1245 1868 ita
1286 1807 1453 1888 quod
1487 1806 1950 1891 Archiepiscopi'
1983 1820 2043 1870 et
2084 1810 2372 1893 Episcopi
2414 1808 2618 1871 eccle-2

371 1912 631 1973 siasticis
670 1910 956 1973 Praelatis
996 1930 1067 1971 ac
1108 1911 1381 1995 Pei-sonis
1424 1908 1822 1978 suae-ditioni
1861 1911 2193 1987 subiectis„
2231 1912 2356 1995 ipsi
2397 1914 2510 1974 soli
2536 1914 2618 1973 ad

366 2014 688 2075 ferendum
715 2012 877 2074 hanc
904 2032 1077 2097 opem
1093 2058 1113 2093 ,
1160 2012 1666 2075 contribui-ionem
1693 2012 2061 2095 praedictam
2085 2015 2382 2095 indicere,
2423 2016 2516 2077 ius
2543 2036 2618 2076 ac

368 2124 731 2199 potestatem
762 2100 1808 2183 habeant..
1941 2165 1951 2175 ,

544 2225 647 2287 29.
706 2210 905 2299 Atque
946 2202 1103 2279 ilsud
1141 2238 1209 2278 eo
1258 2216 1664 2279 moderamine
1705 2226 1946 2303 agatur,
1988 2228 2065 2279 ut
2095 2220 2433 2297 Electores,
2475 2245 2618 2287 cae-

314 2402 318 2406 ,
368 2320 607 2401 terique
636 2321 947 2403 Principes
976 2342 1049 2381 ac
1084 2320 1461 2401 magistratus
1487 2318 1663 2395 laici,
1706 2318 1780 2377 ab
1813 2299 2230 2383 ecciesiasticis
2269 2323 2619 2407 proceribus

368 2423 437 2484 in
482 2443 691 2484 eorum
733 2422 1214 2506 principatibus,
1273 2421 1686 2500 comitatibus,
1745 2423 1986 2504 oppidis
2029 2445 2110 2508 ac¹
2135 2428 2488 2506 territoriis,
2546 2430 2619 2490 in

372 2525 706 2586 exercenda
728 2526 1143 2588 iurisdictione
1170 2549 1297 2588 non
1319 2525 1751 2608 perturbentur
1775 2535 1878 2586 aut
1895 2547 1966 2606 pi
1976 2529 2380 2610 aepediahtur.
2431 2533 2622 2593 Nem-

373 2649 451 2710 pe
502 2628 618 2688 hac
668 2649 736 2690 re
782 2629 920 2708 fiet,
980 2632 1141 2710 quod
1179 2630 1321 2691 laici
1366 2629 1526 2688 inter
1563 2627 1996 2690 ecclesiasticos
2049 2629 2143 2692 ius
2199 2654 2270 2694 ac
2310 2636 2620 2716 tranquil-—

371 2731 603 2792 litatem
656 2731 965 2812 publicam
1015 2731 1205 2810 tueri,
1264 2741 1325 2792 et
1350 2729 1757 2797 Ecclesiastici
1796 2730 1908 2790 sub
1951 2731 2144 2818 Laicis
2183 2735 2490 2816 degentes,
2551 2759 2620 2799 eo

372 2832 613 2894 facilius
638 2853 707 2904 ac
736 2833 1106 2894 commodius
1134 2837 1311 2894 etiam
1344 2834 1439 2894 ius
1475 2833 1727 2913 quisque
1753 2852 1931 2891 suum
1959 2831 2276 2914 defendere
2300 2859 2373 2899 ac
2401 2860 2621 2899 manu-

370 2945 589 3011 tenere,
613 2943 935 3014 poterunt,
998 2955 1137 2996 cum
1192 2933 1600 2996 Ecclesiastici
1643 2934 1812 3014 paria
1854 2937 2036 2999 onera
2081 2957 2200 2998 una
2256 2931 2400 3014 cum
2447 2941 2624 3002 laicis

368 3036 813 3116 magistratibus
846 3058 917 3096 ac
944 3037 1438 3116 gubernatoribus
1468 3035 1920 3116 provinciarum
1957 3039 2114 3101 ferre
2145 3049 2207 3102 et
2239 3045 2626 3106 contribuere

370 3139 772 3214 iubebuntur,
818 3139 1321 3222 quemadmodum
1348 3140 1425 3200 ad
1454 3139 1518 3198 id
1549 3137 1746 3219 ipsum
1775 3123 1854 3198 ei
1880 3139 2215 3204 Christiana
2251 3155 2312 3206 et
2337 3167 2650 3228 germana·

372 3241 699 3322 charitate,
740 3264 811 3302 ac
849 3243 925 3304 ob
950 3242 1304 3324 aequitatem
1330 3241 1770 3325 puritatemque
1794 3245 2185 3326 servandam,
2227 3247 2498 3338 alioquin
2522 3259 2623 3310 te-

371 3357 595 3408 nentur
612 3393 633 3426 ,
680 3346 1040 3426 obligatique
1068 3356 1233 3408 sunt.

540 3454 649 3520 30.
692 3451 771 3510 Et
800 3449 1283 3530 quandoquidem
1338 3469 1551 3532 omneg
1586 3449 1994 3512 Ecclesiastici
2035 3449 2313 3533 inprimis
2340 3473 2411 3513 ac
2431 3473 2623 3534 prae-

374 3552 593 3632 cipue,
636 3553 849 3624 merito
890 3572 1005 3634 pro
1047 3551 1277 3613 viribus
1320 3562 1536 3614 co'ntra
1574 3553 1832 3630 Turcas,
1875 3543 2164 3632 tanquam
2201 3553 2404 3615 hostes
2433 3553 2626 3616 Chri-

372 3655 601 3714 stianae
640 3653 818 3732 fidei,
852 3655 943 3716 *ad
987 3655 1291 3716 ferendam
1324 3675 1504 3735 opem
1522 3695 1539 3727 ,
1583 3655 1916 3735 parandam
1946 3656 2391 3731 defensionem,
2431 3677 2626 3718 recu-

370 3757 786 3838 perandasque
836 3777 1021 3817 manu
1042 3797 1065 3837 ,
1136 3778 1282 3838 quas
1348 3755 1494 3818 olim
1557 3757 1822 3818 crudelis
1869 3758 1980 3819 ills
2032 3761 2194 3820 ferro
2252 3759 2676 3850 subiugand-

312 3854 320 3864 '
376 3853 861 3920 Christianorum
912 3861 1259 3947 provincias
1273 3902 1294 3938 ,
1366 3870 1719 3924 teneantur·
1793 3879 1924 3920 eam
1973 3861 2050 3922 ob
2097 3881 2226 3924 rem
2268 3879 2382 3964 pro
2431 3861 2622 3938 licito,

372 3961 571 4040 bono,
592 3981 687 4022 ac
724 3963 953 4042 pariter
989 3962 1361 4024 Christianae
1396 3963 1766 4050 reipublicae
1803 3963 1943 4022 utili
1959 3973 2038 4024 et
2065 3951 2404 4026 necessario
2425 3965 2624 4026 visum

272 4121 275 4126 .
372 4065 787 4146 placitumque
802 4076 926 4143 est,
958 4075 1029 4128 ut
1048 4068 1099 4126 si
1115 4066 1359 4147 quando
1386 4066 1621 4149 exigere
1653 4065 1722 4126 id
1743 4065 2062 4128 necessitas
2087 4067 2427 4143 videbitur,
2459 4067 2624 4146 quod

372 4165 639 4228 muudus
680 4177 743 4231 et
784 4169 1131 4250 pretion‘or‘
1156 4169 1476 4250 suppellex
1515 4168 1918 4233 Ecclesium
1936 4168 2434 4265 :cubedi-ahana,
2487 4168 2647 4229 M0-·

373 4269 775 4330 nasteriorurh
792 4315 809 4344 ,
870 4281 1358 4351 metemus-umque⁴
1390 4271 1800 4337 Ecclesium
1841 4292 1918 4332 auc
1949 4271 2622 4391 religiosarumdomo:
