<?xml version="1.0" encoding="UTF-8"?>
<!DOCTYPE html PUBLIC "-//W3C//DTD XHTML 1.0 Transitional//EN"
    "http://www.w3.org/TR/xhtml1/DTD/xhtml1-transitional.dtd">
<html xmlns="http://www.w3.org/1999/xhtml" xml:lang="en" lang="en">
 <head>
  <title>
</title>
<meta http-equiv="Content-Type" content="text/html;charset=utf-8" />
  <meta name='ocr-system' content='tesseract 3.04.00' />
  <meta name='ocr-capabilities' content='ocr_page ocr_carea ocr_par ocr_line ocrx_word'/>
</head>
<body>
  <div class='ocr_page' id='page_1' title='image "./vollstndigesamm01mngoog_0206.png"; bbox 0 0 2930 4963; ppageno 0'>
   <div class='ocr_carea' id='block_1_1' title="bbox 216 295 607 456">
    <p class='ocr_par' dir='ltr' id='par_1_1' title="bbox 216 295 607 456">
     <span class='ocr_line' id='line_1_1' title="bbox 216 295 607 456; baseline 0.031 -53"><span class='ocrx_word' id='word_1_1' title='bbox 216 295 607 456; x_wconf 40' lang='lat'><strong>·-&#39;192‚</strong></span> 
     </span>
    </p>
   </div>
   <div class='ocr_carea' id='block_1_2' title="bbox 364 496 2709 1716">
    <p class='ocr_par' dir='ltr' id='par_1_2' title="bbox 454 496 2709 1306">
     <span class='ocr_line' id='line_1_2' title="bbox 464 496 2706 590; baseline 0.001 -20"><span class='ocrx_word' id='word_1_2' title='bbox 464 503 821 570; x_wconf 74' lang='lat' dir='ltr'><strong>electionem</strong></span> <span class='ocrx_word' id='word_1_3' title='bbox 840 496 1235 573; x_wconf 77' lang='lat' dir='ltr'><strong>macularent.</strong></span> <span class='ocrx_word' id='word_1_4' title='bbox 1312 503 1528 568; x_wconf 71' lang='lat' dir='ltr'><strong>stante</strong></span> <span class='ocrx_word' id='word_1_5' title='bbox 1565 521 1828 590; x_wconf 76' lang='lat' dir='ltr'><strong>nanque</strong></span> <span class='ocrx_word' id='word_1_6' title='bbox 1865 501 2066 570; x_wconf 77' lang='lat' dir='ltr'><strong>adbuc</strong></span> <span class='ocrx_word' id='word_1_7' title='bbox 2103 503 2309 570; x_wconf 81' lang='lat' dir='ltr'><strong>radice</strong></span> <span class='ocrx_word' id='word_1_8' title='bbox 2345 505 2706 588; x_wconf 73' lang='lat' dir='ltr'><strong>schimstis,</strong></span> 
     </span>
     <span class='ocr_line' id='line_1_3' title="bbox 462 599 2708 696; baseline 0 -25"><span class='ocrx_word' id='word_1_9' title='bbox 462 629 593 672; x_wconf 85' lang='lat' dir='ltr'><strong>non</strong></span> <span class='ocrx_word' id='word_1_10' title='bbox 617 609 817 670; x_wconf 81' lang='lat' dir='ltr'><strong>solum</strong></span> <span class='ocrx_word' id='word_1_11' title='bbox 844 609 1107 672; x_wconf 77' lang='lat' dir='ltr'><strong>maculas</strong></span> <span class='ocrx_word' id='word_1_12' title='bbox 1129 605 1478 685; x_wconf 73' lang='lat' dir='ltr'><strong>electionis,</strong></span> <span class='ocrx_word' id='word_1_13' title='bbox 1521 607 1630 670; x_wconf 86' lang='lat' dir='ltr'><strong>sed</strong></span> <span class='ocrx_word' id='word_1_14' title='bbox 1659 608 2032 671; x_wconf 83' lang='lat' dir='ltr'><strong>macularum</strong></span> <span class='ocrx_word' id='word_1_15' title='bbox 2062 628 2303 696; x_wconf 79' lang='lat' dir='ltr'><strong>quoque</strong></span> <span class='ocrx_word' id='word_1_16' title='bbox 2329 599 2708 690; x_wconf 62' lang='lat' dir='ltr'><strong>suspiciones</strong></span> 
     </span>
     <span class='ocr_line' id='line_1_4' title="bbox 462 709 2709 794; baseline -0 -19"><span class='ocrx_word' id='word_1_17' title='bbox 462 709 783 794; x_wconf 65' lang='lat' dir='ltr'><strong>fugiendas</strong></span> <span class='ocrx_word' id='word_1_18' title='bbox 797 731 925 772; x_wconf 86' lang='lat' dir='ltr'><strong>esse</strong></span> <span class='ocrx_word' id='word_1_19' title='bbox 952 711 1413 774; x_wconf 75' lang='lat' dir='ltr'><strong>arbitrabantur.</strong></span> <span class='ocrx_word' id='word_1_20' title='bbox 1505 709 1696 772; x_wconf 84' lang='lat' dir='ltr'><strong>Nemo</strong></span> <span class='ocrx_word' id='word_1_21' title='bbox 1722 711 1991 772; x_wconf 83' lang='lat' dir='ltr'><strong>acerbius</strong></span> <span class='ocrx_word' id='word_1_22' title='bbox 2029 711 2276 772; x_wconf 75' lang='lat' dir='ltr'><strong>excludi</strong></span> <span class='ocrx_word' id='word_1_23' title='bbox 2317 712 2482 788; x_wconf 83' lang='lat' dir='ltr'><strong>tulit,</strong></span> <span class='ocrx_word' id='word_1_24' title='bbox 2525 733 2709 794; x_wconf 77' lang='lat' dir='ltr'><strong>quem</strong></span> 
     </span>
     <span class='ocr_line' id='line_1_5' title="bbox 460 811 2708 898; baseline -0.001 -20"><span class='ocrx_word' id='word_1_25' title='bbox 460 815 761 898; x_wconf 68' lang='lat' dir='ltr'><strong>Baptista</strong></span> <span class='ocrx_word' id='word_1_26' title='bbox 788 813 1101 892; x_wconf 67' lang='lat' dir='ltr'><strong>Sabellus,</strong></span> <span class='ocrx_word' id='word_1_27' title='bbox 1142 813 1324 874; x_wconf 86' lang='lat' dir='ltr'><strong>homo</strong></span> <span class='ocrx_word' id='word_1_28' title='bbox 1354 811 1574 874; x_wconf 85' lang='lat' dir='ltr'><strong>nobilis</strong></span> <span class='ocrx_word' id='word_1_29' title='bbox 1603 823 1664 873; x_wconf 86' lang='lat' dir='ltr'><strong>et</strong></span> <span class='ocrx_word' id='word_1_30' title='bbox 1689 815 1856 874; x_wconf 85' lang='lat' dir='ltr'><strong>senio</strong></span> <span class='ocrx_word' id='word_1_31' title='bbox 1873 813 2080 893; x_wconf 73' lang='lat' dir='ltr'><strong>gravis</strong></span> <span class='ocrx_word' id='word_1_32' title='bbox 2094 856 2115 891; x_wconf 88' lang='lat'><strong>,</strong></span> <span class='ocrx_word' id='word_1_33' title='bbox 2157 813 2266 893; x_wconf 79' lang='lat' dir='ltr'><strong>qui</strong></span> <span class='ocrx_word' id='word_1_34' title='bbox 2290 811 2390 873; x_wconf 86' lang='lat' dir='ltr'><strong>Ius</strong></span> <span class='ocrx_word' id='word_1_35' title='bbox 2431 812 2548 874; x_wconf 88' lang='lat' dir='ltr'><strong>sibi</strong></span> <span class='ocrx_word' id='word_1_36' title='bbox 2591 815 2708 875; x_wconf 86' lang='lat' dir='ltr'><strong>ob-</strong></span> 
     </span>
     <span class='ocr_line' id='line_1_6' title="bbox 460 905 2708 999; baseline -0.002 -19"><span class='ocrx_word' id='word_1_37' title='bbox 460 915 821 980; x_wconf 81' lang='lat' dir='ltr'><strong>servandum</strong></span> <span class='ocrx_word' id='word_1_38' title='bbox 830 913 887 999; x_wconf 77' lang='lat'><strong>¹⁸²)</strong></span> <span class='ocrx_word' id='word_1_39' title='bbox 918 915 1180 976; x_wconf 86' lang='lat' dir='ltr'><strong>clavium</strong></span> <span class='ocrx_word' id='word_1_40' title='bbox 1211 915 1529 975; x_wconf 78' lang='lat' dir='ltr'><strong>conclavis</strong></span> <span class='ocrx_word' id='word_1_41' title='bbox 1553 905 1768 976; x_wconf 81' lang='lat' dir='ltr'><strong>secreti</strong></span> <span class='ocrx_word' id='word_1_42' title='bbox 1809 905 2166 998; x_wconf 83' lang='lat' dir='ltr'><strong>competere&#39;</strong></span> <span class='ocrx_word' id='word_1_43' title='bbox 2185 913 2486 977; x_wconf 69' lang='lat' dir='ltr'><strong>asserebat</strong></span> <span class='ocrx_word' id='word_1_44' title='bbox 2524 925 2708 996; x_wconf 81' lang='lat' dir='ltr'><strong>atque</strong></span> 
     </span>
     <span class='ocr_line' id='line_1_7' title="bbox 454 1016 2706 1092; baseline -0.002 -10"><span class='ocrx_word' id='word_1_45' title='bbox 454 1020 580 1082; x_wconf 77' lang='lat' dir='ltr'><strong>hoc</strong></span> <span class='ocrx_word' id='word_1_46' title='bbox 621 1021 979 1082; x_wconf 86' lang='lat' dir='ltr'><strong>defunctum</strong></span> <span class='ocrx_word' id='word_1_47' title='bbox 1016 1016 1248 1078; x_wconf 82' lang='lat' dir='ltr'><strong>honore</strong></span> <span class='ocrx_word' id='word_1_48' title='bbox 1284 1017 1500 1079; x_wconf 81' lang='lat' dir='ltr'><strong>libenti</strong></span> <span class='ocrx_word' id='word_1_49' title='bbox 1536 1039 1602 1079; x_wconf 87' lang='lat' dir='ltr'><strong>se</strong></span> <span class='ocrx_word' id='word_1_50' title='bbox 1639 1017 1842 1080; x_wconf 82' lang='lat' dir='ltr'><strong>animo</strong></span> <span class='ocrx_word' id='word_1_51' title='bbox 1879 1019 2240 1092; x_wconf 59' lang='lat' dir='ltr'><strong>moriturum</strong></span> <span class='ocrx_word' id='word_1_52' title='bbox 2283 1016 2498 1080; x_wconf 81' lang='lat' dir='ltr'><strong>aiebat.</strong></span> <span class='ocrx_word' id='word_1_53' title='bbox 2587 1017 2706 1078; x_wconf 85' lang='lat' dir='ltr'><strong>Sed</strong></span> 
     </span>
     <span class='ocr_line' id='line_1_8' title="bbox 458 1119 2704 1202; baseline -0.003 -16"><span class='ocrx_word' id='word_1_54' title='bbox 458 1124 683 1186; x_wconf 82' lang='lat' dir='ltr'><strong>frustra</strong></span> <span class='ocrx_word' id='word_1_55' title='bbox 710 1129 975 1202; x_wconf 84' lang='lat' dir='ltr'><strong>questus.</strong></span> <span class='ocrx_word' id='word_1_56' title='bbox 1062 1119 1363 1181; x_wconf 77' lang='lat' dir='ltr'><strong>Privatam</strong></span> <span class='ocrx_word' id='word_1_57' title='bbox 1388 1141 1628 1182; x_wconf 78' lang='lat' dir='ltr'><strong>causam</strong></span> <span class='ocrx_word' id='word_1_58' title='bbox 1654 1122 1934 1202; x_wconf 85' lang='lat' dir='ltr'><strong>publicae</strong></span> <span class='ocrx_word' id='word_1_59' title='bbox 1961 1119 2236 1202; x_wconf 81' lang='lat' dir='ltr'><strong>oportuit</strong></span> <span class='ocrx_word' id='word_1_60' title='bbox 2263 1119 2496 1182; x_wconf 87' lang='lat' dir='ltr'><strong>cedere.</strong></span> <span class='ocrx_word' id='word_1_61' title='bbox 2583 1120 2704 1180; x_wconf 84' lang='lat' dir='ltr'><strong>Ro·</strong></span> 
     </span>
     <span class='ocr_line' id='line_1_9' title="bbox 456 1221 2364 1306; baseline -0.001 -19"><span class='ocrx_word' id='word_1_62' title='bbox 456 1226 624 1306; x_wconf 83' lang='lat' dir='ltr'><strong>mani</strong></span> <span class='ocrx_word' id='word_1_63' title='bbox 654 1234 890 1304; x_wconf 78' lang='lat' dir='ltr'><strong>tempus</strong></span> <span class='ocrx_word' id='word_1_64' title='bbox 918 1221 1083 1302; x_wconf 70' lang='lat' dir='ltr'><strong>nacti</strong></span> <span class='ocrx_word' id='word_1_65' title='bbox 1112 1221 1391 1304; x_wconf 84' lang='lat' dir='ltr'><strong>pluribus</strong></span> <span class='ocrx_word' id='word_1_66' title='bbox 1419 1243 1484 1284; x_wconf 90' lang='lat' dir='ltr'><strong>se</strong></span> <span class='ocrx_word' id='word_1_67' title='bbox 1508 1224 1700 1284; x_wconf 80' lang='lat' dir='ltr'><strong>levari</strong></span> <span class='ocrx_word' id='word_1_68' title='bbox 1727 1225 2007 1284; x_wconf 86' lang='lat' dir='ltr'><strong>oneribus</strong></span> <span class='ocrx_word' id='word_1_69' title='bbox 2035 1223 2364 1286; x_wconf 77' lang='lat' dir='ltr'><strong>obtinuere.</strong></span> 
     </span>
    </p>

    <p class='ocr_par' dir='ltr' id='par_1_3' title="bbox 364 1323 2704 1716">
     <span class='ocr_line' id='line_1_10' title="bbox 628 1323 2704 1407; baseline -0.001 -21"><span class='ocrx_word' id='word_1_70' title='bbox 628 1324 927 1386; x_wconf 80' lang='lat' dir='ltr'><strong>conclave</strong></span> <span class='ocrx_word' id='word_1_71' title='bbox 952 1323 1017 1382; x_wconf 87' lang='lat' dir='ltr'><strong>in</strong></span> <span class='ocrx_word' id='word_1_72' title='bbox 1050 1323 1407 1388; x_wconf 82' lang='lat' dir='ltr'><strong>dormitorio</strong></span> <span class='ocrx_word' id='word_1_73' title='bbox 1440 1327 1923 1407; x_wconf 75' lang='lat' dir='ltr'><strong>praedicatorum</strong></span> <span class='ocrx_word' id='word_1_74' title='bbox 1949 1325 2256 1388; x_wconf 78' lang='lat' dir='ltr'><strong>Minervae</strong></span> <span class='ocrx_word' id='word_1_75' title='bbox 2283 1329 2704 1386; x_wconf 74' lang='lat' dir='ltr'><strong>consu-uotum</strong></span> 
     </span>
     <span class='ocr_line' id='line_1_11' title="bbox 459 1425 2701 1509; baseline -0.003 -18"><span class='ocrx_word' id='word_1_76' title='bbox 459 1438 567 1491; x_wconf 89' lang='lat' dir='ltr'><strong>est.</strong></span> <span class='ocrx_word' id='word_1_77' title='bbox 657 1429 893 1488; x_wconf 86' lang='lat' dir='ltr'><strong>Ostium</strong></span> <span class='ocrx_word' id='word_1_78' title='bbox 920 1426 1182 1509; x_wconf 84' lang='lat' dir='ltr'><strong>primum</strong></span> <span class='ocrx_word' id='word_1_79' title='bbox 1212 1439 1470 1507; x_wconf 81' lang='lat' dir='ltr'><strong>quatuor</strong></span> <span class='ocrx_word' id='word_1_80' title='bbox 1499 1429 1785 1493; x_wconf 85' lang='lat' dir='ltr'><strong>Praelatis</strong></span> <span class='ocrx_word' id='word_1_81' title='bbox 1814 1427 2202 1490; x_wconf 85' lang='lat' dir='ltr'><strong>commissum</strong></span> <span class='ocrx_word' id='word_1_82' title='bbox 2235 1435 2357 1498; x_wconf 87' lang='lat' dir='ltr'><strong>est,</strong></span> <span class='ocrx_word' id='word_1_83' title='bbox 2405 1425 2514 1506; x_wconf 88' lang='lat' dir='ltr'><strong>qui</strong></span> <span class='ocrx_word' id='word_1_84' title='bbox 2543 1446 2701 1505; x_wconf 81' lang='lat' dir='ltr'><strong>qus-</strong></span> 
     </span>
     <span class='ocr_line' id='line_1_12' title="bbox 456 1523 2700 1628; baseline -0.002 -36"><span class='ocrx_word' id='word_1_85' title='bbox 456 1541 600 1594; x_wconf 81' lang='lat' dir='ltr'><strong>tuor</strong></span> <span class='ocrx_word' id='word_1_86' title='bbox 656 1523 855 1592; x_wconf 83' lang='lat' dir='ltr'><strong>claves</strong></span> <span class='ocrx_word' id='word_1_87' title='bbox 916 1529 1209 1605; x_wconf 80' lang='lat' dir='ltr'><strong>habuere,</strong></span> <span class='ocrx_word' id='word_1_88' title='bbox 1267 1531 1780 1628; x_wconf 82' lang='lat' dir='ltr'><strong>Archiepiscopus</strong></span> <span class='ocrx_word' id='word_1_89' title='bbox 1837 1531 2186 1604; x_wconf 79' lang='lat' dir='ltr'><strong>Ravennae,</strong></span> <span class='ocrx_word' id='word_1_90' title='bbox 2262 1526 2700 1606; x_wconf 76' lang='lat' dir='ltr'><strong>Anconitanus,</strong></span> 
     </span>
     <span class='ocr_line' id='line_1_13' title="bbox 364 1623 2700 1716; baseline -0.003 -20"><span class='ocrx_word' id='word_1_91' title='bbox 364 1661 371 1668; x_wconf 87' lang='lat'><em>·</em></span> <span class='ocrx_word' id='word_1_92' title='bbox 450 1633 787 1714; x_wconf 67' lang='lat' dir='ltr'><strong>Aquilonus</strong></span> <span class='ocrx_word' id='word_1_93' title='bbox 810 1641 873 1691; x_wconf 89' lang='lat' dir='ltr'><strong>et</strong></span> <span class='ocrx_word' id='word_1_94' title='bbox 891 1631 1268 1694; x_wconf 85' lang='lat' dir='ltr'><strong>Semocensis</strong></span> <span class='ocrx_word' id='word_1_95' title='bbox 1284 1630 1381 1716; x_wconf 78' lang='lat'><strong>**)</strong></span> <span class='ocrx_word' id='word_1_96' title='bbox 1404 1633 1706 1715; x_wconf 77' lang='lat' dir='ltr'><strong>Episcopi.</strong></span> <span class='ocrx_word' id='word_1_97' title='bbox 1789 1631 1888 1694; x_wconf 82' lang='lat' dir='ltr'><strong>Hi</strong></span> <span class='ocrx_word' id='word_1_98' title='bbox 1903 1623 2140 1713; x_wconf 82' lang='lat' dir='ltr'><strong>quoque</strong></span> <span class='ocrx_word' id='word_1_99' title='bbox 2172 1627 2284 1690; x_wconf 89' lang='lat' dir='ltr'><strong>sub</strong></span> <span class='ocrx_word' id='word_1_100' title='bbox 2316 1628 2549 1690; x_wconf 79' lang='lat' dir='ltr'><strong>duabus</strong></span> <span class='ocrx_word' id='word_1_101' title='bbox 2577 1630 2700 1690; x_wconf 82' lang='lat' dir='ltr'><strong>cle-</strong></span> 
     </span>
    </p>
   </div>
   <div class='ocr_carea' id='block_1_3' title="bbox 287 1732 2701 1812">
    <p class='ocr_par' dir='ltr' id='par_1_4' title="bbox 287 1732 2701 1812">
     <span class='ocr_line' id='line_1_14' title="bbox 287 1732 2701 1812; baseline 0.006 -21"><span class='ocrx_word' id='word_1_102' title='bbox 287 1747 295 1756; x_wconf 91' lang='lat'>·</span> <span class='ocrx_word' id='word_1_103' title='bbox 386 1752 395 1767; x_wconf 84' lang='lat'><strong><em>¹</em></strong></span> <span class='ocrx_word' id='word_1_104' title='bbox 457 1736 637 1798; x_wconf 82' lang='lat' dir='ltr'><strong>vibus</strong></span> <span class='ocrx_word' id='word_1_105' title='bbox 669 1734 1045 1797; x_wconf 83' lang='lat' dir='ltr'><strong>tenebantur.</strong></span> <span class='ocrx_word' id='word_1_106' title='bbox 1130 1735 1492 1798; x_wconf 77' lang='lat' dir='ltr'><strong>Alternatim</strong></span> <span class='ocrx_word' id='word_1_107' title='bbox 1541 1757 1652 1797; x_wconf 87' lang='lat' dir='ltr'><strong>nos</strong></span> <span class='ocrx_word' id='word_1_108' title='bbox 1693 1755 1830 1796; x_wconf 87' lang='lat' dir='ltr'><strong>cum</strong></span> <span class='ocrx_word' id='word_1_109' title='bbox 1866 1734 2217 1798; x_wconf 69' lang='lat' dir='ltr'><strong>Oratoribus</strong></span> <span class='ocrx_word' id='word_1_110' title='bbox 2257 1732 2434 1812; x_wconf 65' lang='lat' dir='ltr'><strong>Regin</strong></span> <span class='ocrx_word' id='word_1_111' title='bbox 2465 1733 2701 1812; x_wconf 70' lang='lat' dir='ltr'><strong>Arago-</strong></span> 
     </span>
    </p>
   </div>
   <div class='ocr_carea' id='block_1_4' title="bbox 456 1833 2699 1918">
    <p class='ocr_par' dir='ltr' id='par_1_5' title="bbox 456 1833 2699 1918">
     <span class='ocr_line' id='line_1_15' title="bbox 456 1833 2699 1918; baseline -0.003 -17"><span class='ocrx_word' id='word_1_112' title='bbox 456 1859 636 1917; x_wconf 85' lang='lat' dir='ltr'><strong>num,</strong></span> <span class='ocrx_word' id='word_1_113' title='bbox 692 1837 869 1918; x_wconf 78' lang='lat' dir='ltr'><strong>Regis</strong></span> <span class='ocrx_word' id='word_1_114' title='bbox 910 1835 1137 1918; x_wconf 76' lang='lat' dir='ltr'><strong>Cypri,</strong></span> <span class='ocrx_word' id='word_1_115' title='bbox 1196 1846 1257 1898; x_wconf 90' lang='lat' dir='ltr'><strong>et</strong></span> <span class='ocrx_word' id='word_1_116' title='bbox 1302 1837 1734 1901; x_wconf 78' lang='lat' dir='ltr'><strong>Anconitarum</strong></span> <span class='ocrx_word' id='word_1_117' title='bbox 1785 1837 1896 1898; x_wconf 82' lang='lat' dir='ltr'><strong>has</strong></span> <span class='ocrx_word' id='word_1_118' title='bbox 1939 1834 2406 1899; x_wconf 80' lang='lat' dir='ltr'><strong>observavimus.</strong></span> <span class='ocrx_word' id='word_1_119' title='bbox 2505 1833 2699 1894; x_wconf 80' lang='lat' dir='ltr'><strong>Statio</strong></span> 
     </span>
    </p>
   </div>
   <div class='ocr_carea' id='block_1_5' title="bbox 317 1937 2698 2032">
    <p class='ocr_par' dir='ltr' id='par_1_6' title="bbox 317 1937 2698 2032">
     <span class='ocr_line' id='line_1_16' title="bbox 317 1937 2698 2032; baseline -0.003 -28"><span class='ocrx_word' id='word_1_120' title='bbox 317 1979 331 1987; x_wconf 93' lang='lat'>-</span> <span class='ocrx_word' id='word_1_121' title='bbox 455 1951 665 2004; x_wconf 71' lang='lat' dir='ltr'><strong>nostra</strong></span> <span class='ocrx_word' id='word_1_122' title='bbox 690 1941 756 2000; x_wconf 84' lang='lat' dir='ltr'><strong>in</strong></span> <span class='ocrx_word' id='word_1_123' title='bbox 784 1939 1144 2020; x_wconf 81' lang='lat' dir='ltr'><strong>campidolio</strong></span> <span class='ocrx_word' id='word_1_124' title='bbox 1182 1940 1317 2003; x_wconf 82' lang='lat' dir='ltr'><strong>fuit.</strong></span> <span class='ocrx_word' id='word_1_125' title='bbox 1410 1942 1638 2003; x_wconf 79' lang='lat' dir='ltr'><strong>Rursus</strong></span> <span class='ocrx_word' id='word_1_126' title='bbox 1697 1940 1864 2032; x_wconf 81' lang='lat' dir='ltr'><strong>aliud</strong></span> <span class='ocrx_word' id='word_1_127' title='bbox 1907 1950 2036 2002; x_wconf 81' lang='lat' dir='ltr'><strong>erat</strong></span> <span class='ocrx_word' id='word_1_128' title='bbox 2077 1939 2334 2013; x_wconf 84' lang='lat' dir='ltr'><strong>ostium,</strong></span> <span class='ocrx_word' id='word_1_129' title='bbox 2379 1937 2547 2016; x_wconf 82' lang='lat' dir='ltr'><strong>quod</strong></span> <span class='ocrx_word' id='word_1_130' title='bbox 2583 1955 2698 1998; x_wconf 83' lang='lat' dir='ltr'><strong>nos</strong></span> 
     </span>
    </p>
   </div>
   <div class='ocr_carea' id='block_1_6' title="bbox 445 2037 2788 3557">
    <p class='ocr_par' dir='ltr' id='par_1_7' title="bbox 445 2037 2788 3557">
     <span class='ocr_line' id='line_1_17' title="bbox 456 2037 2490 2120; baseline -0.003 -14"><span class='ocrx_word' id='word_1_131' title='bbox 456 2045 787 2107; x_wconf 87' lang='lat' dir='ltr'><strong>claudebat.</strong></span> <span class='ocrx_word' id='word_1_132' title='bbox 870 2041 1067 2104; x_wconf 88' lang='lat' dir='ltr'><strong>Huius</strong></span> <span class='ocrx_word' id='word_1_133' title='bbox 1096 2043 1437 2120; x_wconf 58' lang='lat' dir='ltr'><strong>custodiam</strong></span> <span class='ocrx_word' id='word_1_134' title='bbox 1462 2047 1825 2107; x_wconf 77' lang='lat' dir='ltr'><strong>Procurator</strong></span> <span class='ocrx_word' id='word_1_135' title='bbox 1845 2043 2220 2104; x_wconf 82' lang='lat' dir='ltr'><strong>Rhodiorum</strong></span> <span class='ocrx_word' id='word_1_136' title='bbox 2251 2037 2490 2102; x_wconf 79' lang='lat' dir='ltr'><strong>habuit.</strong></span> 
     </span>
     <span class='ocr_line' id='line_1_18' title="bbox 620 2141 2697 2232; baseline -0.002 -25"><span class='ocrx_word' id='word_1_137' title='bbox 620 2144 841 2208; x_wconf 86' lang='lat' dir='ltr'><strong>Finitis</strong></span> <span class='ocrx_word' id='word_1_138' title='bbox 882 2145 1184 2230; x_wconf 75' lang='lat' dir='ltr'><strong>exequiis,</strong></span> <span class='ocrx_word' id='word_1_139' title='bbox 1228 2147 1458 2208; x_wconf 87' lang='lat' dir='ltr'><strong>decima</strong></span> <span class='ocrx_word' id='word_1_140' title='bbox 1496 2153 1635 2228; x_wconf 82' lang='lat' dir='ltr'><strong>post</strong></span> <span class='ocrx_word' id='word_1_141' title='bbox 1665 2144 1897 2206; x_wconf 79' lang='lat' dir='ltr'><strong>obitum</strong></span> <span class='ocrx_word' id='word_1_142' title='bbox 1923 2146 2226 2232; x_wconf 72' lang='lat' dir='ltr'><strong>Eugenii</strong></span> <span class='ocrx_word' id='word_1_143' title='bbox 2225 2141 2323 2202; x_wconf 86' lang='lat' dir='ltr'><strong>die</strong></span> <span class='ocrx_word' id='word_1_144' title='bbox 2349 2141 2697 2202; x_wconf 85' lang='lat' dir='ltr'><strong>Cardinales</strong></span> 
     </span>
     <span class='ocr_line' id='line_1_19' title="bbox 453 2245 2702 2335; baseline -0.004 -23"><span class='ocrx_word' id='word_1_145' title='bbox 453 2251 617 2335; x_wconf 87' lang='lat' dir='ltr'><strong>apud</strong></span> <span class='ocrx_word' id='word_1_146' title='bbox 656 2249 990 2314; x_wconf 82' lang='lat' dir='ltr'><strong>Minervam</strong></span> <span class='ocrx_word' id='word_1_147' title='bbox 1024 2247 1176 2309; x_wconf 84' lang='lat' dir='ltr'><strong>hora</strong></span> <span class='ocrx_word' id='word_1_148' title='bbox 1221 2250 1566 2330; x_wconf 80' lang='lat' dir='ltr'><strong>vespertina</strong></span> <span class='ocrx_word' id='word_1_149' title='bbox 1608 2257 2025 2322; x_wconf 76' lang='lat' dir='ltr'><strong>convenerunt</strong></span> <span class='ocrx_word' id='word_1_150' title='bbox 2035 2270 2056 2326; x_wconf 79' lang='lat'>3</span> <span class='ocrx_word' id='word_1_151' title='bbox 2107 2245 2482 2326; x_wconf 83' lang='lat' dir='ltr'><strong>receptisque</strong></span> <span class='ocrx_word' id='word_1_152' title='bbox 2515 2245 2702 2308; x_wconf 80' lang='lat' dir='ltr'><strong>iura-</strong></span> 
     </span>
     <span class='ocr_line' id='line_1_20' title="bbox 452 2349 2698 2432; baseline -0.003 -18"><span class='ocrx_word' id='word_1_153' title='bbox 452 2351 671 2414; x_wconf 87' lang='lat' dir='ltr'><strong>mentis</strong></span> <span class='ocrx_word' id='word_1_154' title='bbox 719 2349 1027 2411; x_wconf 87' lang='lat' dir='ltr'><strong>fidelitatis</strong></span> <span class='ocrx_word' id='word_1_155' title='bbox 1069 2350 1143 2412; x_wconf 87' lang='lat' dir='ltr'><strong>sb</strong></span> <span class='ocrx_word' id='word_1_156' title='bbox 1187 2351 1562 2414; x_wconf 83' lang='lat' dir='ltr'><strong>officialibus</strong></span> <span class='ocrx_word' id='word_1_157' title='bbox 1602 2351 1976 2432; x_wconf 65' lang='lat' dir='ltr'><strong>quibusque,</strong></span> <span class='ocrx_word' id='word_1_158' title='bbox 2027 2367 2166 2411; x_wconf 84' lang='lat' dir='ltr'><strong>cum</strong></span> <span class='ocrx_word' id='word_1_159' title='bbox 2211 2349 2596 2430; x_wconf 74' lang='lat' dir='ltr'><strong>processione</strong></span> <span class='ocrx_word' id='word_1_160' title='bbox 2635 2357 2698 2408; x_wconf 85' lang='lat' dir='ltr'><strong>et</strong></span> 
     </span>
     <span class='ocr_line' id='line_1_21' title="bbox 448 2450 2696 2545; baseline -0.003 -28"><span class='ocrx_word' id='word_1_161' title='bbox 448 2455 833 2518; x_wconf 79' lang='lat' dir='ltr'><strong>invocatione</strong></span> <span class='ocrx_word' id='word_1_162' title='bbox 873 2453 1069 2545; x_wconf 79' lang='lat' dir='ltr'><strong>sancti</strong></span> <span class='ocrx_word' id='word_1_163' title='bbox 1099 2455 1397 2536; x_wconf 83' lang='lat' dir='ltr'><strong>Spiritus,</strong></span> <span class='ocrx_word' id='word_1_164' title='bbox 1438 2452 1612 2517; x_wconf 86' lang='lat' dir='ltr'><strong>humi</strong></span> <span class='ocrx_word' id='word_1_165' title='bbox 1651 2453 1902 2517; x_wconf 78' lang='lat' dir='ltr'><strong>deflexis</strong></span> <span class='ocrx_word' id='word_1_166' title='bbox 1929 2452 2228 2535; x_wconf 77' lang='lat' dir='ltr'><strong>capitibus</strong></span> <span class='ocrx_word' id='word_1_167' title='bbox 2272 2459 2453 2533; x_wconf 84' lang='lat' dir='ltr'><strong>atque</strong></span> <span class='ocrx_word' id='word_1_168' title='bbox 2477 2450 2696 2530; x_wconf 87' lang='lat' dir='ltr'><strong>oculis,</strong></span> 
     </span>
     <span class='ocr_line' id='line_1_22' title="bbox 452 2541 2692 2640; baseline -0.002 -21"><span class='ocrx_word' id='word_1_169' title='bbox 452 2560 755 2622; x_wconf 78' lang='lat' dir='ltr'><strong>conclave</strong></span> <span class='ocrx_word' id='word_1_170' title='bbox 780 2541 922 2620; x_wconf 81' lang='lat' dir='ltr'><strong>sunt</strong></span> <span class='ocrx_word' id='word_1_171' title='bbox 948 2556 1235 2637; x_wconf 84' lang='lat' dir='ltr'><strong>ingressi;</strong></span> <span class='ocrx_word' id='word_1_172' title='bbox 1281 2560 1650 2640; x_wconf 86' lang='lat' dir='ltr'><strong>reclusisque</strong></span> <span class='ocrx_word' id='word_1_173' title='bbox 1690 2557 1998 2635; x_wconf 74' lang='lat' dir='ltr'><strong>clavibus,</strong></span> <span class='ocrx_word' id='word_1_174' title='bbox 2053 2556 2323 2618; x_wconf 73' lang='lat' dir='ltr'><strong>cellulas</strong></span> <span class='ocrx_word' id='word_1_175' title='bbox 2339 2576 2467 2615; x_wconf 88' lang='lat' dir='ltr'><strong>non</strong></span> <span class='ocrx_word' id='word_1_176' title='bbox 2505 2556 2692 2634; x_wconf 80' lang='lat' dir='ltr'><strong>liguo,</strong></span> 
     </span>
     <span class='ocr_line' id='line_1_23' title="bbox 448 2658 2709 2743; baseline -0.002 -20"><span class='ocrx_word' id='word_1_177' title='bbox 448 2660 559 2723; x_wconf 83' lang='lat' dir='ltr'><strong>sed</strong></span> <span class='ocrx_word' id='word_1_178' title='bbox 586 2681 789 2742; x_wconf 83' lang='lat' dir='ltr'><strong>penno</strong></span> <span class='ocrx_word' id='word_1_179' title='bbox 832 2662 1064 2721; x_wconf 78' lang='lat' dir='ltr'><strong>clausas</strong></span> <span class='ocrx_word' id='word_1_180' title='bbox 1100 2658 1357 2739; x_wconf 85' lang='lat' dir='ltr'><strong>babent,</strong></span> <span class='ocrx_word' id='word_1_181' title='bbox 1418 2661 1677 2743; x_wconf 80' lang='lat' dir='ltr'><strong>parietes</strong></span> <span class='ocrx_word' id='word_1_182' title='bbox 1720 2679 1926 2721; x_wconf 82' lang='lat' dir='ltr'><strong>omnes</strong></span> <span class='ocrx_word' id='word_1_183' title='bbox 1965 2659 2151 2736; x_wconf 84' lang='lat' dir='ltr'><strong>lanei,</strong></span> <span class='ocrx_word' id='word_1_184' title='bbox 2208 2659 2458 2737; x_wconf 84' lang='lat' dir='ltr'><strong>audire,</strong></span> <span class='ocrx_word' id='word_1_185' title='bbox 2503 2658 2709 2739; x_wconf 82' lang='lat' dir='ltr'><strong>quid--</strong></span> 
     </span>
     <span class='ocr_line' id='line_1_24' title="bbox 452 2760 2788 2845; baseline -0.001 -22"><span class='ocrx_word' id='word_1_186' title='bbox 452 2762 601 2845; x_wconf 68' lang='lat' dir='ltr'><strong>quid</strong></span> <span class='ocrx_word' id='word_1_187' title='bbox 632 2760 794 2823; x_wconf 76' lang='lat' dir='ltr'><strong>inter</strong></span> <span class='ocrx_word' id='word_1_188' title='bbox 828 2781 955 2821; x_wconf 87' lang='lat' dir='ltr'><strong>sese</strong></span> <span class='ocrx_word' id='word_1_189' title='bbox 984 2770 1227 2841; x_wconf 79' lang='lat' dir='ltr'><strong>agatur,</strong></span> <span class='ocrx_word' id='word_1_190' title='bbox 1269 2771 1546 2843; x_wconf 81' lang='lat' dir='ltr'><strong>possunt.</strong></span> <span class='ocrx_word' id='word_1_191' title='bbox 1607 2762 1860 2825; x_wconf 80' lang='lat' dir='ltr'><strong>Nullum</strong></span> <span class='ocrx_word' id='word_1_192' title='bbox 1887 2762 1972 2823; x_wconf 87' lang='lat' dir='ltr'><strong>ibi</strong></span> <span class='ocrx_word' id='word_1_193' title='bbox 1999 2763 2208 2835; x_wconf 75' lang='lat' dir='ltr'><strong>lumen</strong></span> <span class='ocrx_word' id='word_1_194' title='bbox 2233 2762 2350 2823; x_wconf 88' lang='lat' dir='ltr'><strong>nisi</strong></span> <span class='ocrx_word' id='word_1_195' title='bbox 2383 2780 2694 2823; x_wconf 81' lang='lat' dir='ltr'><strong>commen·-</strong></span> <span class='ocrx_word' id='word_1_196' title='bbox 2781 2780 2788 2795; x_wconf 83' lang='lat'>¹</span> 
     </span>
     <span class='ocr_line' id='line_1_25' title="bbox 446 2862 2694 2947; baseline 0.001 -22"><span class='ocrx_word' id='word_1_197' title='bbox 446 2865 673 2937; x_wconf 78' lang='lat' dir='ltr'><strong>titium.</strong></span> <span class='ocrx_word' id='word_1_198' title='bbox 756 2864 915 2923; x_wconf 89' lang='lat' dir='ltr'><strong>Loca</strong></span> <span class='ocrx_word' id='word_1_199' title='bbox 944 2862 1237 2926; x_wconf 79' lang='lat' dir='ltr'><strong>cellarum</strong></span> <span class='ocrx_word' id='word_1_200' title='bbox 1262 2874 1425 2928; x_wconf 81' lang='lat' dir='ltr'><strong>sorte</strong></span> <span class='ocrx_word' id='word_1_201' title='bbox 1450 2864 1814 2944; x_wconf 79' lang='lat' dir='ltr'><strong>deliguntur.</strong></span> <span class='ocrx_word' id='word_1_202' title='bbox 1899 2867 2044 2927; x_wconf 84' lang='lat' dir='ltr'><strong>Post</strong></span> <span class='ocrx_word' id='word_1_203' title='bbox 2073 2886 2183 2947; x_wconf 84' lang='lat' dir='ltr'><strong>per</strong></span> <span class='ocrx_word' id='word_1_204' title='bbox 2211 2883 2276 2925; x_wconf 89' lang='lat' dir='ltr'><strong>se</strong></span> <span class='ocrx_word' id='word_1_205' title='bbox 2307 2865 2564 2945; x_wconf 83' lang='lat' dir='ltr'><strong>quisque</strong></span> <span class='ocrx_word' id='word_1_206' title='bbox 2591 2884 2694 2927; x_wconf 87' lang='grc' dir='ltr'><strong>οι·-</strong></span> 
     </span>
     <span class='ocr_line' id='line_1_26' title="bbox 448 2964 2694 3049; baseline 0.001 -22"><span class='ocrx_word' id='word_1_207' title='bbox 448 2975 556 3027; x_wconf 82' lang='lat' dir='ltr'><strong>nat</strong></span> <span class='ocrx_word' id='word_1_208' title='bbox 582 2985 767 3026; x_wconf 83' lang='lat' dir='ltr'><strong>suam.</strong></span> <span class='ocrx_word' id='word_1_209' title='bbox 856 2966 1119 3043; x_wconf 85' lang='lat' dir='ltr'><strong>Quidam</strong></span> <span class='ocrx_word' id='word_1_210' title='bbox 1146 2964 1382 3039; x_wconf 81' lang='lat' dir='ltr'><strong>rubeis,</strong></span> <span class='ocrx_word' id='word_1_211' title='bbox 1413 2965 1660 3048; x_wconf 70' lang='lat' dir='ltr'><strong>quidam</strong></span> <span class='ocrx_word' id='word_1_212' title='bbox 1685 2966 1980 3029; x_wconf 84' lang='lat' dir='ltr'><strong>viridibus</strong></span> <span class='ocrx_word' id='word_1_213' title='bbox 2001 2968 2218 3049; x_wconf 78' lang='lat' dir='ltr'><strong>pennis</strong></span> <span class='ocrx_word' id='word_1_214' title='bbox 2239 2968 2694 3029; x_wconf 81' lang='lat' dir='ltr'><strong>tabernaculum</strong></span> 
     </span>
     <span class='ocr_line' id='line_1_27' title="bbox 448 3066 2692 3131; baseline 0.001 -2"><span class='ocrx_word' id='word_1_215' title='bbox 448 3068 566 3130; x_wconf 79' lang='lat' dir='ltr'><strong>sibi</strong></span> <span class='ocrx_word' id='word_1_216' title='bbox 590 3066 838 3131; x_wconf 78' lang='lat' dir='ltr'><strong>faciunt.</strong></span> <span class='ocrx_word' id='word_1_217' title='bbox 921 3069 1099 3129; x_wconf 88' lang='lat' dir='ltr'><strong>Solus</strong></span> <span class='ocrx_word' id='word_1_218' title='bbox 1132 3067 1417 3129; x_wconf 75' lang='lat' dir='ltr'><strong>emnium·</strong></span> <span class='ocrx_word' id='word_1_219' title='bbox 1449 3068 1786 3131; x_wconf 78' lang='lat' dir='ltr'><strong>cardinalis</strong></span> <span class='ocrx_word' id='word_1_220' title='bbox 1829 3068 2225 3131; x_wconf 78' lang='lat' dir='ltr'><strong>Bononiensis</strong></span> <span class='ocrx_word' id='word_1_221' title='bbox 2261 3090 2433 3131; x_wconf 87' lang='lat' dir='ltr'><strong>suam</strong></span> <span class='ocrx_word' id='word_1_222' title='bbox 2479 3072 2692 3131; x_wconf 80' lang='lat' dir='ltr'><strong>cellam</strong></span> 
     </span>
     <span class='ocr_line' id='line_1_28' title="bbox 449 3154 2694 3254; baseline 0.001 -23"><span class='ocrx_word' id='word_1_223' title='bbox 449 3170 585 3231; x_wconf 80' lang='lat' dir='ltr'><strong>albo</strong></span> <span class='ocrx_word' id='word_1_224' title='bbox 617 3170 887 3233; x_wconf 82' lang='lat' dir='ltr'><strong>vestivit.</strong></span> <span class='ocrx_word' id='word_1_225' title='bbox 972 3154 1253 3233; x_wconf 80' lang='lat' dir='ltr'><strong>Forsitan</strong></span> <span class='ocrx_word' id='word_1_226' title='bbox 1290 3190 1405 3232; x_wconf 89' lang='lat' dir='ltr'><strong>nec</strong></span> <span class='ocrx_word' id='word_1_227' title='bbox 1444 3162 1663 3252; x_wconf 80' lang='lat' dir='ltr'><strong>purior</strong></span> <span class='ocrx_word' id='word_1_228' title='bbox 1689 3190 1802 3233; x_wconf 88' lang='lat' dir='ltr'><strong>nec</strong></span> <span class='ocrx_word' id='word_1_229' title='bbox 1847 3171 2131 3233; x_wconf 83' lang='lat' dir='ltr'><strong>mundior</strong></span> <span class='ocrx_word' id='word_1_230' title='bbox 2171 3172 2522 3254; x_wconf 83' lang='lat' dir='ltr'><strong>cuiusquam</strong></span> <span class='ocrx_word' id='word_1_231' title='bbox 2561 3182 2694 3235; x_wconf 81' lang='lat' dir='ltr'><strong>eret</strong></span> 
     </span>
     <span class='ocr_line' id='line_1_29' title="bbox 446 3272 2690 3357; baseline 0 -23"><span class='ocrx_word' id='word_1_232' title='bbox 446 3294 637 3334; x_wconf 84' lang='lat' dir='ltr'><strong>mens.</strong></span> <span class='ocrx_word' id='word_1_233' title='bbox 718 3272 845 3333; x_wconf 82' lang='lat' dir='ltr'><strong>Nec</strong></span> <span class='ocrx_word' id='word_1_234' title='bbox 882 3274 1044 3335; x_wconf 80' lang='lat' dir='ltr'><strong>enim</strong></span> <span class='ocrx_word' id='word_1_235' title='bbox 1078 3284 1217 3337; x_wconf 81' lang='lat' dir='ltr'><strong>anta</strong></span> <span class='ocrx_word' id='word_1_236' title='bbox 1245 3274 1417 3335; x_wconf 84' lang='lat' dir='ltr'><strong>illam</strong></span> <span class='ocrx_word' id='word_1_237' title='bbox 1444 3272 1611 3333; x_wconf 86' lang='lat' dir='ltr'><strong>diem</strong></span> <span class='ocrx_word' id='word_1_238' title='bbox 1629 3282 1992 3353; x_wconf 80' lang='lat' dir='ltr'><strong>extorquere</strong></span> <span class='ocrx_word' id='word_1_239' title='bbox 2021 3272 2338 3354; x_wconf 80' lang='lat' dir='ltr'><strong>quisquam</strong></span> <span class='ocrx_word' id='word_1_240' title='bbox 2361 3296 2437 3337; x_wconf 78' lang='lat' dir='ltr'><strong>ex</strong></span> <span class='ocrx_word' id='word_1_241' title='bbox 2467 3294 2536 3337; x_wconf 89' lang='lat' dir='ltr'><strong>eo</strong></span> <span class='ocrx_word' id='word_1_242' title='bbox 2561 3296 2690 3357; x_wconf 82' lang='lat' dir='ltr'><strong>po-</strong></span> 
     </span>
     <span class='ocr_line' id='line_1_30' title="bbox 445 3375 2688 3457; baseline -0 -20"><span class='ocrx_word' id='word_1_243' title='bbox 445 3375 570 3437; x_wconf 73' lang='lat' dir='ltr'><strong>tuit·</strong></span> <span class='ocrx_word' id='word_1_244' title='bbox 606 3384 817 3437; x_wconf 74' lang='lat' dir='ltr'><strong>votum</strong></span> <span class='ocrx_word' id='word_1_245' title='bbox 859 3376 1005 3437; x_wconf 89' lang='lat' dir='ltr'><strong>eius.</strong></span> <span class='ocrx_word' id='word_1_246' title='bbox 1092 3376 1334 3457; x_wconf 81' lang='lat' dir='ltr'><strong>Capella</strong></span> <span class='ocrx_word' id='word_1_247' title='bbox 1376 3376 1445 3437; x_wconf 78' lang='lat' dir='ltr'><strong>iu</strong></span> <span class='ocrx_word' id='word_1_248' title='bbox 1483 3376 1770 3457; x_wconf 76' lang='lat' dir='ltr'><strong>Conclavi</strong></span> <span class='ocrx_word' id='word_1_249' title='bbox 1809 3375 1959 3453; x_wconf 80' lang='lat' dir='ltr'><strong>fuit,</strong></span> <span class='ocrx_word' id='word_1_250' title='bbox 2002 3376 2108 3437; x_wconf 87' lang='lat' dir='ltr'><strong>ubi</strong></span> <span class='ocrx_word' id='word_1_251' title='bbox 2142 3378 2474 3441; x_wconf 79' lang='lat' dir='ltr'><strong>communis</strong></span> <span class='ocrx_word' id='word_1_252' title='bbox 2507 3378 2688 3453; x_wconf 72' lang='lat' dir='ltr'><strong>Missa</strong></span> 
     </span>
     <span class='ocr_line' id='line_1_31' title="bbox 447 3468 2689 3557; baseline 0 -16"><span class='ocrx_word' id='word_1_253' title='bbox 447 3478 880 3543; x_wconf 72' lang='lat' dir='ltr'><strong>celebrabatur.</strong></span> <span class='ocrx_word' id='word_1_254' title='bbox 964 3480 1051 3541; x_wconf 83' lang='lat' dir='ltr'><strong>Es</strong></span> <span class='ocrx_word' id='word_1_255' title='bbox 1076 3479 1279 3557; x_wconf 80' lang='lat' dir='ltr'><strong>finita,</strong></span> <span class='ocrx_word' id='word_1_256' title='bbox 1322 3479 1437 3539; x_wconf 86' lang='lat' dir='ltr'><strong>soli</strong></span> <span class='ocrx_word' id='word_1_257' title='bbox 1462 3468 1806 3543; x_wconf 85' lang='lat' dir='ltr'><strong>Cardinales</strong></span> <span class='ocrx_word' id='word_1_258' title='bbox 1827 3478 1990 3539; x_wconf 84' lang='lat' dir='ltr'><strong>inter</strong></span> <span class='ocrx_word' id='word_1_259' title='bbox 2017 3498 2080 3539; x_wconf 83' lang='lat' dir='ltr'><strong>se</strong></span> <span class='ocrx_word' id='word_1_260' title='bbox 2113 3480 2472 3541; x_wconf 81' lang='lat' dir='ltr'><strong>scrutinium</strong></span> <span class='ocrx_word' id='word_1_261' title='bbox 2497 3479 2689 3541; x_wconf 81' lang='lat' dir='ltr'><strong>habe-</strong></span> 
     </span>
    </p>
   </div>
   <div class='ocr_carea' id='block_1_7' title="bbox 328 3582 2688 3669">
    <p class='ocr_par' dir='ltr' id='par_1_8' title="bbox 328 3582 2688 3669">
     <span class='ocr_line' id='line_1_32' title="bbox 328 3582 2688 3669; baseline 0.001 -26"><span class='ocrx_word' id='word_1_262' title='bbox 328 3599 333 3607; x_wconf 91' lang='lat'>·</span> <span class='ocrx_word' id='word_1_263' title='bbox 444 3582 615 3643; x_wconf 84' lang='lat' dir='ltr'><strong>bant.</strong></span> <span class='ocrx_word' id='word_1_264' title='bbox 702 3582 859 3643; x_wconf 89' lang='lat' dir='ltr'><strong>Octo</strong></span> <span class='ocrx_word' id='word_1_265' title='bbox 889 3590 949 3643; x_wconf 83' lang='lat' dir='ltr'><strong>et</strong></span> <span class='ocrx_word' id='word_1_266' title='bbox 984 3583 1191 3645; x_wconf 81' lang='lat' dir='ltr'><strong>decem</strong></span> <span class='ocrx_word' id='word_1_267' title='bbox 1228 3585 1479 3645; x_wconf 74' lang='lat' dir='ltr'><strong>fuerunt</strong></span> <span class='ocrx_word' id='word_1_268' title='bbox 1503 3602 1776 3647; x_wconf 82' lang='lat' dir='ltr'><strong>numero.</strong></span> <span class='ocrx_word' id='word_1_269' title='bbox 1859 3586 1986 3647; x_wconf 82' lang='lat' dir='ltr'><strong>Nec</strong></span> <span class='ocrx_word' id='word_1_270' title='bbox 2027 3587 2287 3669; x_wconf 82' lang='lat' dir='ltr'><strong>Papatus</strong></span> <span class='ocrx_word' id='word_1_271' title='bbox 2321 3586 2440 3647; x_wconf 87' lang='lat' dir='ltr'><strong>ulli</strong></span> <span class='ocrx_word' id='word_1_272' title='bbox 2479 3583 2688 3647; x_wconf 79' lang='lat' dir='ltr'><strong>venire</strong></span> 
     </span>
    </p>
   </div>
   <div class='ocr_carea' id='block_1_8' title="bbox 439 3682 2686 3869">
    <p class='ocr_par' dir='ltr' id='par_1_9' title="bbox 439 3682 2686 3869">
     <span class='ocr_line' id='line_1_33' title="bbox 441 3682 2686 3768; baseline 0.002 -25"><span class='ocrx_word' id='word_1_273' title='bbox 441 3692 684 3767; x_wconf 83' lang='lat' dir='ltr'><strong>poterat</strong></span> <span class='ocrx_word' id='word_1_274' title='bbox 717 3682 837 3745; x_wconf 88' lang='lat' dir='ltr'><strong>nisi</strong></span> <span class='ocrx_word' id='word_1_275' title='bbox 875 3685 1197 3747; x_wconf 81' lang='lat' dir='ltr'><strong>duodecim</strong></span> <span class='ocrx_word' id='word_1_276' title='bbox 1236 3685 1399 3747; x_wconf 80' lang='lat' dir='ltr'><strong>votis</strong></span> <span class='ocrx_word' id='word_1_277' title='bbox 1450 3686 1744 3767; x_wconf 77' lang='lat' dir='ltr'><strong>expetito.</strong></span> <span class='ocrx_word' id='word_1_278' title='bbox 1787 3730 1794 3738; x_wconf 61' lang='lat'>=</span> <span class='ocrx_word' id='word_1_279' title='bbox 1831 3684 2122 3763; x_wconf 74' lang='lat' dir='ltr'><strong>Quamvis</strong></span> <span class='ocrx_word' id='word_1_280' title='bbox 2177 3690 2342 3759; x_wconf 79' lang='lat' dir='ltr'><strong>sint,</strong></span> <span class='ocrx_word' id='word_1_281' title='bbox 2401 3688 2506 3768; x_wconf 87' lang='lat' dir='ltr'><strong>qui</strong></span> <span class='ocrx_word' id='word_1_282' title='bbox 2549 3687 2686 3747; x_wconf 79' lang='lat' dir='ltr'><strong>iure</strong></span> 
     </span>
     <span class='ocr_line' id='line_1_34' title="bbox 439 3785 2684 3869; baseline 0.002 -23"><span class='ocrx_word' id='word_1_283' title='bbox 439 3786 624 3847; x_wconf 81' lang='lat' dir='ltr'><strong>licere</strong></span> <span class='ocrx_word' id='word_1_284' title='bbox 664 3785 899 3861; x_wconf 77' lang='lat' dir='ltr'><strong>dicant,</strong></span> <span class='ocrx_word' id='word_1_285' title='bbox 969 3786 1147 3849; x_wconf 88' lang='lat' dir='ltr'><strong>electi</strong></span> <span class='ocrx_word' id='word_1_286' title='bbox 1191 3806 1435 3869; x_wconf 77' lang='lat' dir='ltr'><strong>quoque</strong></span> <span class='ocrx_word' id='word_1_287' title='bbox 1482 3806 1696 3853; x_wconf 78' lang='lat' dir='ltr'><strong>vocem</strong></span> <span class='ocrx_word' id='word_1_288' title='bbox 1739 3790 1940 3853; x_wconf 76' lang='lat' dir='ltr'><strong>fecere</strong></span> <span class='ocrx_word' id='word_1_289' title='bbox 1985 3810 2324 3855; x_wconf 74' lang='lat' dir='ltr'><strong>numerum.</strong></span> <span class='ocrx_word' id='word_1_290' title='bbox 2399 3792 2532 3853; x_wconf 79' lang='lat' dir='ltr'><strong>Lex</strong></span> <span class='ocrx_word' id='word_1_291' title='bbox 2571 3798 2684 3867; x_wconf 88' lang='lat' dir='ltr'><strong>est,</strong></span> 
     </span>
    </p>
   </div>
   <div class='ocr_carea' id='block_1_9' title="bbox 441 3946 865 3965">
    <p class='ocr_par' dir='ltr' id='par_1_10' title="bbox 441 3946 865 3965">
     <span class='ocr_line' id='line_1_35' title="bbox 441 3946 865 3965; baseline 0 998"><span class='ocrx_word' id='word_1_292' title='bbox 441 3946 865 3965; x_wconf 95' lang='lat' dir='ltr'><strong> </strong></span> 
     </span>
    </p>
   </div>
   <div class='ocr_carea' id='block_1_10' title="bbox 438 4020 2692 4367">
    <p class='ocr_par' dir='ltr' id='par_1_11' title="bbox 438 4020 2692 4299">
     <span class='ocr_line' id='line_1_36' title="bbox 588 4020 1556 4125; baseline 0.002 -21"><span class='ocrx_word' id='word_1_293' title='bbox 588 4048 645 4125; x_wconf 81' lang='lat'>¹⁸¹)</span> <span class='ocrx_word' id='word_1_294' title='bbox 687 4049 851 4104; x_wconf 85' lang='lat' dir='ltr'><strong>Lies·</strong></span> <span class='ocrx_word' id='word_1_295' title='bbox 831 4020 1556 4125; x_wconf 27' lang='lat' dir='ltr'><strong>...observandarum</strong></span> 
     </span>
     <span class='ocr_line' id='line_1_37' title="bbox 564 4134 2680 4203; baseline 0.002 -16"><span class='ocrx_word' id='word_1_296' title='bbox 564 4134 652 4203; x_wconf 74' lang='grc'><strong>**)</strong></span> <span class='ocrx_word' id='word_1_297' title='bbox 686 4135 865 4189; x_wconf 77' lang='lat' dir='ltr'><strong>Hiesu</strong></span> <span class='ocrx_word' id='word_1_298' title='bbox 888 4134 1147 4190; x_wconf 78' lang='lat' dir='ltr'><strong>hemerin:</strong></span> <span class='ocrx_word' id='word_1_299' title='bbox 1181 4140 1391 4192; x_wconf 74' lang='lat' dir='ltr'><strong>Koch.-</strong></span> <span class='ocrx_word' id='word_1_300' title='bbox 1428 4138 1644 4193; x_wconf 79' lang='lat' dir='ltr'><strong>Vitium</strong></span> <span class='ocrx_word' id='word_1_301' title='bbox 1669 4136 1766 4193; x_wconf 80' lang='lat' dir='ltr'><strong>hic</strong></span> <span class='ocrx_word' id='word_1_302' title='bbox 1799 4135 1938 4194; x_wconf 82' lang='lat' dir='ltr'><strong>latet</strong></span> <span class='ocrx_word' id='word_1_303' title='bbox 1977 4140 2040 4195; x_wconf 85' lang='lat' dir='ltr'><strong>in</strong></span> <span class='ocrx_word' id='word_1_304' title='bbox 2069 4156 2242 4199; x_wconf 79' lang='lat' dir='ltr'><strong>voce.</strong></span> <span class='ocrx_word' id='word_1_305' title='bbox 2299 4140 2680 4196; x_wconf 84' lang='lat' dir='ltr'><strong>Semocen-</strong></span> 
     </span>
     <span class='ocr_line' id='line_1_38' title="bbox 438 4208 2692 4367; baseline 0 -93"><span class='ocrx_word' id='word_1_306' title='bbox 438 4218 501 4274; x_wconf 81' lang='lat' dir='ltr'><strong>si</strong></span> <span class='ocrx_word' id='word_1_307' title='bbox 514 4236 561 4274; x_wconf 87' lang='lat' dir='ltr'><strong>s.</strong></span> <span class='ocrx_word' id='word_1_308' title='bbox 639 4220 807 4274; x_wconf 79' lang='lat' dir='ltr'><strong>Forte</strong></span> <span class='ocrx_word' id='word_1_309' title='bbox 840 4220 1157 4279; x_wconf 77' lang='lat' dir='ltr'><strong>Sabinensis</strong></span> <span class='ocrx_word' id='word_1_310' title='bbox 1202 4208 1580 4367; x_wconf 67' lang='lat' dir='ltr'><strong>(Siuigaglis)</strong></span> <span class='ocrx_word' id='word_1_311' title='bbox 1617 4222 1710 4279; x_wconf 78' lang='lat' dir='ltr'><strong>vel</strong></span> <span class='ocrx_word' id='word_1_312' title='bbox 1745 4219 1915 4319; x_wconf 79' lang='lat' dir='ltr'><strong>alius.</strong></span> <span class='ocrx_word' id='word_1_313' title='bbox 1929 4226 2058 4297; x_wconf 79' lang='lat' dir='ltr'><strong>quis</strong></span> <span class='ocrx_word' id='word_1_314' title='bbox 2099 4236 2274 4283; x_wconf 82' lang='lat' dir='ltr'><strong>status</strong></span> <span class='ocrx_word' id='word_1_315' title='bbox 2320 4222 2692 4282; x_wconf 83' lang='lat' dir='ltr'><strong>ecclesiastici·</strong></span> 
     </span>
    </p>
   </div>
   <div class='ocr_carea' id='block_1_11' title="bbox 436 4304 1127 4379">
    <p class='ocr_par' dir='ltr' id='par_1_12' title="bbox 436 4304 1127 4379">
     <span class='ocr_line' id='line_1_39' title="bbox 436 4304 1127 4379; baseline 0 0"><span class='ocrx_word' id='word_1_316' title='bbox 436 4305 742 4379; x_wconf 60' lang='lat' dir='ltr'><strong>Ephoopm</strong></span> <span class='ocrx_word' id='word_1_317' title='bbox 774 4304 1127 4379; x_wconf 63' lang='lat' dir='ltr'><strong>indigitetur.</strong></span> 
     </span>
    </p>
   </div>
  </div>
 </body>
</html>
