2930 4963
2396 334 2522 402 165

268 519 419 562 cnm
457 499 857 562 Electoribus‘
876 499 972 560 illi
1018 499 1324 562 adversari
1364 485 1626 562 volebat.
1731 501 1816 562 At
1851 491 2152 564 Elector-es
2197 522 2268 562 eo
2320 504 2520 566 animo

264 613 477 678 erata,
525 613 629 679 ut,
675 603 727 660 si
756 605 1077 683 Bag-enias
1102 623 1227 662 non
1258 605 1638 664 satisfecisset
1677 606 2102 686 petitionibus,
2145 607 2218 664 ab
2247 627 2320 666 eo
2341 607 2520 687 peni-

262 714 381 764 tus
410 705 770 782 deficerent,
814 705 1089 784 quamvis
1113 703 1444 784 Imperator
1469 707 1680 768 nollet.
1767 708 1912 768 Eam
1941 708 2018 766 ob
2065 727 2304 768 causam
2351 709 2520 788 lega-

262 807 353 866 tis
386 805 511 866 suis
536 803 603 866 id
632 807 901 866 mandati
932 807 1149 866 Caesar
1188 807 1465 884 dederat,
1523 816 1596 867 ut
1625 807 1840 868 foedus
1881 810 2224 870 Electorum
2269 813 2518 870 omnino

262 929 561 990 rumpere
596 917 901 968 tentarent
946 919 1009 968 et
1060 909 1293 987 aliquos
1332 911 1642 970 Elector-es
1683 909 1759 969 ad
1793 931 1854 970 se
1895 911 2132 972 trahere
2173 914 2518 996 studet-eun

264 1012 435 1092 quod
466 1012 521 1070 si
560 1012 715 1072 duos
745 1031 819 1070 ex
868 1004 952 1071 eis
982 1009 1205 1070 habere
1231 1020 1514 1090 possent,
1575 1012 2036 1073 declarationem
2087 1035 2198 1094 pro
2235 1018 2516 1095 Eugem‘o

132 1149 141 1154 ·
262 1117 579 1192 facerent,
616 1115 709 1178 sin
740 1123 936 1172 autem
953 1159 972 1190 ‚
1016 1113 1483 1172 declarationem
1534 1115 1895 1181 omitterent.
1981 1117 2125 1176 Cum
2155 1129 2320 1194 ergo·
2347 1119 2518 1178 Con-

262 1227 496 1278 ventus
518 1219 649 1276 ‘iam
690 1237 939 1294 magnus
976 1225 1132 1275 esset
1173 1215 1469 1294 legatique
1512 1217 1887 1295 mactatum,
1931 1219 2006 1278 ab
2041 1220 2228 1281 Roma
2265 1219 2514 1298 reversi,
2619 1277 2624 1282 .

262 1317 626 1400 Eugenium
654 1319 1145 1393 criminarentur,
1174 1317 1277 1395 qni
1304 1338 1377 1400 sq
1394 1319 1548 1377 male
1575 1320 2232 1402 vidisset-graviterque
2257 1341 2516 1402 respon·

264 1423 495 1500 disset,
542 1421 811 1482 omnium
852 1419 1059 1502 opinio
1098 1429 1258 1492 erat,
1320 1421 1696 1480 conventum
1743 1422 1916 1480 illum
1963 1443 2078 1504 pro
2101 1424 2300 1482 FeIice
2323 1425 2516 1484 factu.-

262 1543 409 1586 rum
448 1523 911 1584 declarationem
932 1567 951 1598 ,
994 1532 1099 1581 aut
1141 1519 1363 1580 saltem*
1390 1542 1504 1601 pro
1531 1523 1824 1586 Concilio.
1877 1583 1882 1586 ,
1911 1524 2174 1604 Eratque
2215 1527 2348 1585 illic
2375 1530 2516 1586 Lm-

265 1623 565 1704 dovieus,
612 1623 943 1686 cardinalis
977 1623 1373 1699 Arelatensis,
1423 1643 1556 1682 cum
1593 1624 1728 1684 aliis
1754 1645 1832 1684 ex
1855 1627 2112 1704 Basilea,
2159 1627 2265 1706 qui
2289 1649 2352 1688 se
2393 1629 2514 1704 iam
2557 1637 2568 1648 ‘

260 1729 587 1790 victoriam
634 1727 853 1788 babere
890 1729 955 1787 in
990 1726 1263 1787 manibus
1308 1725 1765 1787 mbitrabantur.
1849 1729 2056 1808 Legati
2098 1731 2364 1792 Caesaris
2400 1732 2516 1792 ad-

188 1826 197 1836 '
262 1831 517 1891 modum
559 1831 765 1892 tristes
810 1840 979 1890 erant
1024 1839 1085 1888 et
1122 1827 1415 1900 maxime,
1450 1829 1600 1907 quia
1633 1831 2026 1896 Bononiensis
2061 1855 2185 1893 non
2218 1835 2512 1910 veniebat,

266 1934 373 2013 qui
404 1932 787 2013 Principibus
818 1932 1179 2018 respondere
1206 1951 1319 2011 pro
1352 1935 1632 2012 Eugenio
1664 1933 1936 2006 debebat.
2022 1937 2170 1996 Erat
2195 1947 2396 2018 autem
2425 1937 2522 1998 ibi

267 2037 531 2096 Ioannes
564 2033 897 2111 Οανιιαίαἰ,
938 2034 1121 2094 homo
1150 2033 1489 2112 Hispaniis,
1537 2043 1597 2092 et
1625 2037 1928 2096 Nicotaus
1955 2035 2028 2096 de
2064 2039 2262 2114 Cum,
2304 2037 2512 2104 Theu-

264 2138 545 2215 tonicus,
602 2130 803 2215 magni
848 2137 1023 2196 ambo
1052 2135 1172 2194 viri
1215 2144 1275 2194 et
1310 2136 1510 2211 docti,
1581 2125 1688 2216 qui
1729 2140 2050 2200 absentiam
2096 2139 2520 2228 Bononiensis,

268 2241 487 2320 quibus
522 2239 805 2328 valebant
853 2238 1078 2313 modis,
1122 2255 1411 2298 excusare
1452 2238 1822 2301 nitebantur.
1909 2242 2061 2302 Cum
2103 2250 2306 2300 autem
2335 2241 2512 2301 inei-

264 2343 529 2424 piandus
554 2351 847 2402 tractatus
879 2349 1065 2416 esset,
1102 2336 1300 2425 visum
1330 2349 1419 2400 est
1444 2340 1852 2416 Elector-ibus,
1910 2345 2016 2404 Dei
2043 2345 2307 2426 primum
2333 2345 2510 2405 invo-
2551 2423 2557 2429 ἢ

267 2446 518 2507 eandam
548 2465 675 2506 esse
712 2442 1111 2525 praesentiam
1150 2441 1516 2521 missamque
1551 2441 1626 2502 de
1669 2443 1906 2525 Spiritu
1945 2457 2152 2535 sancto
2195 2435 2516 2509 celebrum--¹

268 2548 405 2611 dam
438 2548 508 2608 in
536 2549 877 2626 communi,
924 2567 1075 2627 quae
1105 2564 1510 2623 res-magnum
1542 2543 1980 2625 propemodum
2021 2552 2368 2611 scandalum
2397 2574 2506 2633 pa-

264 2650 457 2713 ritura
472 2650 811 2714 videbatur.
896 2646 1267 2709 ladovicus
1286 2646 1447 2707 enim
1463 2691 1482 2724 ,
1527 2647 1864 2708 cardinalis
1893 2649 2252 2713 Arelatensis
2269 2697 2287 2730 ,
2333 2654 2508 2735 quasi
2557 2708 2568 2720 ,

265 2752 384 2813 iam
414 2752 665 2833 planum
701 2760 855 2813 esset
880 2752 1185 2831 negotium
1230 2760 1289 2811 et
1331 2769 1472 2811 suae
1509 2750 1674 2830 parti
1715 2770 1948 2811 cessum
1993 2764 2179 2831 esset,
2219 2754 2506 2816 interesse

264 2856 485 2923 Missae,
510 2855 679 2936 quasi
708 2840 940 2934 legabis
966 2854 1165 2915 voluit
1184 2899 1201 2930 ,
1248 2862 1427 2933 atque
1473 2874 1714 2914 crucem
1744 2843 1882 2915 ante
1927 2876 1990 2916 se
2025 2856 2246 2925 habere
2291 2868 2352 2918 et
2393 2880 2509 2941 po-

263 2958 413 3039 pulo
442 2958 822 3035 benedicere,
867 2959 1039 3037 eique
1068 2976 1277 3037 magna
1314 2964 1455 3037 pars
1484 2956 1827 3017 Electorum
1871 2959 2152 3024 favebat.-
2213 2962 2296 3020 At
2321 2961 2502 3040 legati

264 3059 541 3121 Caesaris
554 3070 969 3139 exsurgentes,
1012 3060 1341 3120 neutralem
1375 3058 1575 3119 adhuc
1613 3058 1920 3119 nationem
1966 3060 2199 3138 dicere,
2242 3062 2502 3141 legatum

262 3168 388 3223 non
430 3182 559 3232 esse
596 3161 1009 3243 recipiendum
1028 3207 1045 3239 ,
1104 3162 1226 3222 nisi
1268 3161 1672 3221 declaratione
1710 3161 1901 3239 facta;
1954 3174 2066 3233 aut,
2107 3184 2172 3224 se
2213 3164 2506 3244 abi-turos,

263 3275 369 3327 ant
406 3264 809 3325 Arelatensem
847 3264 1163 3343 legationis
1202 3262 1457 3341 insignia
1501 3264 1864 3343 positurum.
1952 3266 2336 3327 Treverensis
2375 3269 2500 3327 Ar-

266 3366 681 3449 cbiepiscopus
711 3382 995 3427 accusare
1016 3367 1263 3447 legatos
1256 3364 1548 3425 Caesaris
1539 3410 1558 3442 ‚
1597 3368 1702 3447 qui
1735 3366 1954 3445 legatos
1971 3371 2258 3449 Eugenic',
2284 3368 2524 3427 natio-·
2633 3370 2642 3379 '

265 3470 357 3531 nis
385 3465 637 3545 hostes,
674 3468 1011 3563 admittere
1019 3471 1279 3542 vellent,
1336 3466 1566 3544 legatos
1611 3468 1788 3527 amici
1819 3464 2072 3529 Concilii
2113 3470 2494 3535 recusarent}
2580 3462 2592 3487 '

263 3592 357 3635 res
382 3582 516 3635 erat
542 3572 609 3633 in
638 3572 1079 3659 controversis,
1122 3570 1227 3631 sed
1257 3569 1449 3629 maior
1489 3579 1618 3629 erat
1654 3571 1830 3631 favor
1868 3570 2248 3632 Arelatensis.
2333 3572 2496 3633 Iam-

266 3696 379 3757 que
420 3676 743 3757 desperare
781 3676 967 3755 legati
1006 3674 1265 3734 Caesaris
1312 3672 1705 3747 videbantur,
1771 3673 1892 3733 nisi
1925 3674 2142 3734 armati
2188 3673 2380 3751 cives,
2425 3674 2494 3735 iu

263 3778 521 3841 medinm
556 3778 934 3859 prosilientes
949 3792 983 3855 ,*
1018 3773 1180 3839 bono
1216 3776 1415 3836 animo
1450 3795 1578 3835 esse
1606 3775 1832 3855 legatos
1869 3776 2136 3835 Caesaris
2159 3776 2491 3857 iussissent,
2533 3846 2536 3849 .

260 3902 393 3943 nam
420 3902 483 3942 se
512 3882 781 3943 facturos
798 3926 817 3959 ,
863 3881 1025 3962 quod
1054 3880 1176 3959 ipsi
1198 3880 1593 3959 imperarent,
1639 3880 1746 3958 qui
1771 3900 1896 3939 non
1931 3878 2340 3959 Electoribus,
2383 3880 2492 3941 sed

262 3984 494 4053 Caesari
518 3994 713 4043 essent
732 3982 930 4047 iurati.
1002 3984 1095 4044 ob
1122 4002 1299 4063 quam
1330 4002 1459 4041 rem
1489 3981 1738 4040 animati
1779 3982 2042 4041 Caesaris
2072 3982 2354 4042 Oratores
2389 3981 2490 4042 in-

260 4087 463 4147 stitere
490 4094 669 4166 atque
694 4086 1035 4163 obtinuere,
1076 4094 1149 4145 ut
1164 4086 1526 4145 Arelatensis
1547 4084 1802 4163 insignia
1827 4086 2142 4163 legationis
2165 4085 2486 4148 omitteret.

260 4190 398 4252 Post
422 4188 577 4249 haec
604 4189 807 4249 vocati
837 4188 1061 4249 suntin
1090 4186 1459 4248 auditorium
1483 4188 1694 4265 legati,
1739 4187 1848 4267 qui
1873 4189 2094 4248 Romae
2123 4188 2392 4265 fuerant,
2417 4195 2486 4247 ut

260 4295 577 4372 referrent,
620 4310 775 4372 quae
801 4302 931 4353 acta
966 4292 1191 4353 Romae
1228 4290 1441 4353 essent.
1535 4292 1872 4373 Gregorius
1903 4288 1974 4353 id
2011 4310 2234 4353 munus
2270 4288 2480 4365 obivit,
