2930 4963
368 321 526 384 296·

369 485 456 546 du
471 486 780 565 Royaume
803 495 863 548 et
879 495 1122 568 partant
1135 487 1306 550 nuno
1321 485 1503 548 modo
1520 485 1691 548 decet
1706 493 1813 548 aut
1830 483 2095 566 expedit,
2122 505 2243 566 que
2258 485 2403 548 telle
2416 507 2619 548 revo-

369 589 570 650 cation
601 589 850 650 sortisse
875 591 1056 652 effect
1082 601 1144 653 et
1170 590 1450 653 deburoit
1476 600 1682 652 nostre
1708 590 1906 652 sainct
1930 591 2107 660 Fere,
2148 589 2209 648 le
2236 589 2417 670 Papa,
2454 588 2619 650 'faire

369 692 586 772 garder
629 700 692 753 et
729 691 1016 756 observet
1045 694 1134 754 les
1171 693 1325 754 diets
1367 694 1600 754 decreta
1635 702 1695 754 et
1726 713 1855 754 non
1889 693 1977 752 les
2017 709 2337 771 revoquoe.
2422 691 2619 752 Debet

237 804 242 820 ¹
369 795 530 863 ‚enim
563 814 806 876 pascere
831 813 1068 874 gregem
1097 795 1462 866 dominicum
1492 806 1554 856 et
1580 815 1708 856 non
1736 795 2077 875 dispergere
2106 801 2213 853 aut
2240 811 2489 870 necare,
2544 801 2619 852 et

364 898 696 960 Ecclesiam
713 897 836 958 Deo
851 897 1165 958 aedificare
1179 907 1240 958 et
1257 917 1383 958 non
1403 897 1735 978 deprimere
1748 907 1811 958 et
1820 897 2185 958 decolorare.
2226 895 2308 956 Et
2319 916 2358 955 a
2372 915 2441 954 ce
2456 913 2617 976 pro-

307 989 316 1000 *
359 1022 480 1082 -poe
509 1001 638 1060 dict
662 1001 721 1061 le
742 1008 939 1060 texte:
967 1019 1004 1078 g
1019 1019 1049 1058 e
1065 1020 1106 1058 n
1121 1021 1153 1060 e
1167 1021 1302 1060 ran
1317 1001 1392 1060 di
1417 999 1625 1078 XXV,
1658 1023 1719 1080 q.
1732 1000 1810 1064 L:
1846 999 2109 1078 generali
2128 999 2375 1058 Decreto
2396 1015 2625 1085 ⁰⁸¹¹.sp-

367 1125 502 1164 mus
519 1113 578 1164 et
599 1101 1020 1164 constituimus
1035 1145 1054 1177 ,
1085 1111 1156 1162 ut
1171 1103 1573 1164 execrandum
1598 1101 1910 1164 anathema
1927 1103 2006 1163 sit
2028 1109 2091 1160 et
2107 1101 2277 1161 velut
2296 1099 2613 1182 praevari-

369 1218 542 1267 cator
571 1205 712 1266 fidei
745 1202 1074 1265 catholicae
1109 1223 1344 1286 semper
1377 1205 1541 1287 apud
1578 1207 1763 1266 Deum
1802 1223 1943 1266 reus
1972 1203 2189 1264 existat
2202 1203 2233 1281 ,'
2264 1202 2607 1282 quicunque

357 1291 598 1390 ‘Regum
627 1328 736 1368 seu
755 1296 1196 1388 Episcopor'um
1223 1307 1324 1367 vel
1351 1308 1689 1388 potentium
1716 1306 1997 1388 deinceps
2020 1307 2425 1366 Romanorum
2446 1305 2609 1364 Pon·-

367 1413 602 1476 tiflcum
631 1408 1018 1470 Decretorum
1045 1429 1358 1470 censuram
1391 1409 1456 1470 in
1492 1431 1737 1490 quoquo
1778 1408 2101 1470 crediderit
2134 1408 2235 1468 vel
2273 1405 2608 1488 permiserit
2668 1433 2675 1441 ·

369 1511 734 1576 violandam.
819 1511 898 1572 Et
923 1512 982 1571 le
1005 1521 1172 1574 texte
1203 1532 1282 1572 au
1312 1512 1547 1574 decreti
1590 1512 2065 1588 violatores,
2107 1511 2309 1572 eadem
2346 1527 2515 1570 cansa
2542 1517 2609 1568 et

369 1615 734 1697 quaestione.
777 1613 1118 1674 violatores
1137 1615 1448 1676 Canonuni
1472 1615 1813 1676 voluntarie
1838 1635 1873 1674 a
1902 1615 2125 1675 sanctis
2148 1611 2423 1675 Patribus
2450 1611 2607 1670 indi-

333 1719 340 1727 '
371 1729 589 1779 cantur
601 1727 662 1778 et
678 1738 711 1777 a
727 1719 786 1782 S.
803 1714 1065 1796 Spiritus
1085 1715 1382 1776 instinctu
1393 1761 1411 1793 ,
1429 1719 1625 1789 ,cuius
1641 1719 1803 1778 dono
1824 1717 2011 1778 dicati
2024 1725 2169 1802 sunt
2180 1759 2201 1794 ,
2230 1713 2609 1774 damnantur-

541 1820 646 1887 95.
705 1820 822 1881 Par
849 1827 1022 1878 autre
1059 1837 1279 1898 moyen
1317 1819 1376 1878 la
1421 1819 1583 1880 dicte
1620 1821 1973 1880 revocation
2006 1829 2098 1878 est
2130 1819 2331 1895 nulle,
2386 1837 2493 1899 per
2532 1835 2609 1878 ce

303 1925 308 1933 '
371 1943 488 2003 que
515 1922 600 1981 les
629 1921 854 1981 saincte
879 1919 1112 1982 decreta
1145 1929 1438 1999 centenus
1470 1929 1531 1979 et
1556 1920 1781 1982 inseres
1809 1943 1881 1982 en
1912 1923 1971 1982 la
1998 1922 2159 1982 dicte
2179 1919 2605 1998 Pragmatique,

371 2036 516 2104 sont
555 2025 786 2084 decreta
827 2033 888 2083 et
915 2021 1346 2083 constitutione
1383 2022 1487 2082 des
1515 2022 1791 2109 Conciles
1826 2043 2127 2102 generaux
2169 2023 2243 2082 de
2276 2007 2607 2082 constance

371 2135 432 2190 et
473 2127 550 2188 de
579 2125 787 2203 Basle,
831 2125 956 2206 qui.
977 2135 1088 2186 ont
1125 2135 1250 2186 este
1289 2125 1467 2188 faieta
1506 2147 1663 2208 pour
1698 2124 1757 2184 la
1798 2125 2071 2204 generale
2108 2123 2493 2186 reformation
2528 2123 2607 2182 de

315 2237 322 2244 '
369 2225 596 2308 l'eglise
631 2225 707 2290 de
741 2229 892 2289 Dieu
910 2272 930 2305 ,
971 2237 1036 2288 et
1061 2249 1221 2310 pour
1251 2248 1320 2288 ce
1349 2231 1652 2311 ‚doibnent
1690 2237 1845 2288 estre
1874 2225 2358 2299 inviolableme‘nt
2393 2225 2607 2306 gardes
2710 2264 2717 2275 ·

373 2339 436 2391 et
461 2331 738 2392 observes
765 2339 826 2390 et
860 2351 940 2392 ne
959 2341 1130 2412 ,peut-
1151 2331 1206 2390 le
1232 2326 1394 2410 Pape
1421 2333 1507 2394 les
1542 2350 1873 2410 revoquer=
1910 2329 2083 2416 ainsy
2118 2323 2239 2410 que
2266 2349 2370 2410 par
2400 2330 2461 2388 la
2492 2329 2609 2388 de-

369 2433 760 2497 termination
789 2433 864 2494 de
895 2433 1124 2513 l'eglise
1151 2431 1509 2497 universelle
1546 2455 1581 2495 a
1604 2441 1729 2497 este
1756 2431 1993 2493 declara
2024 2450 2101 2492 au
2126 2432 2255 2493 dict
2268 2431 2510 2494 concile
2528 2431 2609 2493 de

373 2539 706 2598 Constance
725 2558 838 2618 par
865 2536 1026 2599 deux
1049 2536 1320 2614 decreta,
1353 2535 1506 2599 dont
1528 2538 1589 2597 la
1618 2546 1835 2597 teneur
1860 2532 2145 2615 s’enauit’,
2188 2546 2245 2597 et
2266 2534 2461 2615 primo
2494 2535 2609 2596 de·-

373 2640 593 2717 clarat,
639 2639 801 2719 quod
839 2638 968 2719 ipsa
1003 2636 1283 2718 Synodue
1323 2638 1392 2699 in
1435 2636 1672 2721 Spiritu
1710 2642 1930 2701 Sancto
1962 2638 2221 2717 legitime
2255 2646 2611 2717 congregata

371 2742 644 2823 generale
671 2739 1006 2801 Concilium
1041 2741 1266 2801 faciens
1317 2750 1380 2800 et
1399 2742 1727 2811 Ecclesiam
1768 2742 2127 2803 militantem
2158 2750 2610 2821 repraesentans

357 2851 728 2924 potestatem
772 2840 955 2901 habet
998 2862 1037 2900 a
1083 2841 1322 2902 Christo
1367 2841 1708 2904 immediate
1760 2852 1821 2905 et
1868 2844 2151 2925 quilibet,
2206 2843 2613 2924 cuiuscunque
2680 2862 2689 2879 ²

373 2948 602 3023 statue',
645 2942 1010 3004 conditionis
1041 2944 1140 3007 vel
1169 2943 1509 3023 dignitatis,
1550 2944 1778 3007 etiamsi
1816 2946 2049 3028 papalis
2074 2946 2323 3024 existat,
2368 2946 2615 3007 obedire

369 3056 611 3109 tenetur
653 3046 720 3105 in
753 3044 880 3123 his,
937 3066 1088 3127 quae
1131 3044 1438 3127 pertinent
1480 3046 1557 3109 ad
1608 3046 1789 3108 fidem
1825 3056 1889 3108 et
1928 3048 2415 3129 exstirpationem
2454 3046 2615 3109 dicti
2664 3046 2683 3055 “

370 3148 710 3210 schismatis
749 3158 808 3209 et
841 3148 1170 3227 generalem
1209 3150 1689 3211 reformationem
1736 3150 2036 3213 Ecclesiae
2070 3150 2173 3211 Dei
2206 3150 2275 3211 in
2308 3144 2525 3231 Capite
2550 3158 2617 3213 ee

372 3248 654 3311 Membris
667 3295 686 3327 ‚
729 3258 792 3309 et
813 3237 1082 3331 sequitur
1105 3260 1218 3313 etc.
1274 3252 1423 3313 Item
1457 3252 1751 3329 declarat,
1796 3253 1965 3332 quod
1991 3253 2357 3333 quicunqne,
2392 3252 2615 3313 ¹cuius-

375 3372 618 3433 cunque
649 3361 836 3413 status
875 3353 978 3413 vel
1007 3353 1325 3433 Dignitatis
1337 3398 1361 3431 ,
1408 3355 1643 3417 etiamsi
1668 3356 1899 3438 papalis
1928 3356 2175 3435 existat,
2213 3356 2322 3437 qui
2352 3354 2615 3417 manda-

373 3456 455 3515 tis
495 3457 735 3515 statutis
770 3474 878 3517 seu
914 3456 1397 3518 ordinationibus
1437 3468 1543 3520 aut
1570 3458 1903 3540 praeceptis
1934 3458 2117 3519 huius
2152 3478 2353 3519 sacrae
2380 3457 2617 3538 synodi
2676 3510 2684 3517 .

377 3566 439 3619 et
463 3558 874 3639 cuiuscunque
897 3560 1145 3621 alterius
1177 3561 1434 3621 concilii
1461 3561 1753 3641 generalis
1774 3560 2035 3641 legitime
2066 3560 2404 3641 congregati
2430 3580 2613 3641 prae-
2696 3594 2705 3603 ·

373 3660 573 3721 missis
615 3680 724 3721 eeu
765 3662 846 3723 ad
883 3682 952 3723 ea
990 3663 1430 3745 pertinentibus
1474 3664 1651 3725 factis
1704 3664 1803 3725 vel
1844 3663 2129 3725 faciendis
2178 3661 2615 3723 contumaciter

376 3762 636 3858 obedire*
659 3764 1074 3842 contemserit,
1115 3765 1218 3826 vel
1257 3765 1558 3825 contraria
1586 3766 2083 3848 praesumpserit,
2122 3763 2245 3827 nisi
2268 3764 2613 3854 resipuerit,
2741 3832 2753 3843 ‚

377 3866 708 3945 condignae
731 3867 1132 3948 poenitentiae
1149 3866 1502 3929 subiiciatur
1526 3875 1588 3929 et
1612 3867 1806 3931 debite
1827 3868 2150 3949 puniatur,
2190 3866 2369 3929 etiam
2388 3866 2469 3933 ad
2494 3866 2617 3927 alia

376 3967 528 4029 iuria
559 3968 850 4046 subsidia,
893 3969 944 4029 si
973 3990 1124 4051 opus
1147 3970 1360 4045 fuerit,
1405 3969 1791 4035 recurrendo.
1876 3971 1953 4033 Et
1986 3970 2259 4033 combien
2291 3971 2469 4061 qu2au
2496 3990 2613 4049 pa-

375 4079 594 4131 ravant
633 4070 690 4129 la
719 4070 878 4133 dicte
901 4072 1130 4132 saincte
1161 4072 1531 4133 declaration
1556 4072 1641 4135 du
1680 4072 1809 4133 dict
1842 4072 2039 4133 sainct
2066 4072 2313 4135 concile
2340 4072 2417 4133 de
2444 4072 2617 4131 Gon-

379 4179 618 4249 nanee,
659 4171 710 4233 il
737 4188 786 4253 y
815 4180 919 4233 eut
955 4172 1242 4235 diversite
1269 4173 1611 4255 d’opinions
1642 4196 1721 4236 en
1750 4185 1905 4239 cette
1938 4176 2187 4237 matiere
2202 4220 2223 4253 ,
2264 4184 2463 4237 tontes
2498 4174 2615 4235 fois

375 4284 576 4337 tontes
615 4274 711 4335 les
745 4270 1072 4335 difficultes
1103 4286 1242 4337 sont
1268 4276 1573 4358 assoupies
1612 4298 1725 4359 par
1760 4279 1822 4341 la
1850 4277 2015 4340 dicte
2046 4278 2419 4341 declaration
2444 4287 2507 4340 et
2538 4278 2617 4337 de
