2930 4963
2390 353 2517 422 251

247 521 524 590 tentis-t
539 527 552 540 ⁰
567 530 754 604 atque
797 517 877 582 ab
915 517 1196 607 omnibus
1235 519 1516 584 subd-itis⁴
1548 529 1613 582 et
1646 518 1871 582 incolis
1908 517 2271 584 Nostram
2314 521 2525 602 Regni,

247 625 666 708 Delphinum
699 643 772 684 ac
807 623 1140 687 Comitatus
1180 622 1621 700 inviolabiliter
1656 623 1887 686 faciant
1912 623 1983 686 in
2012 625 2293 688 omnibus
2324 635 2383 686 et
2414 643 2528 707 per

253 729 472 790 omnia
513 726 850 801 obse-vui,
902 727 1242 808 praedictas
1291 745 1581 807 personas
1630 724 2067 786 ecclesiasticas
2118 736 2181 788 et
2226 727 2527 791 seculares

251 852 340 892 nc
369 851 576 892 earum
613 830 943 910 quamlibet
977 831 1046 892 in
1073 828 1348 890 omnibus
1375 839 1436 890 et
1461 827 1749 908 singulis,
1792 827 2069 906 superius
2108 829 2413 910 expressis
2449 827 2525 890 ab

255 933 438 994 omni
465 932 838 1010 turbatione,
879 931 1222 1016 violentia„
1241 931 1659 1013 impressione,
1700 928 2149 1005 molestatione,
2184 927 2525 1014 vexatione,

255 1035 494 1094 damno
527 1043 588 1094 et
623 1034 1053 1116 impedimento
1087 1043 1408 1108 tueantur,
1465 1041 1783 1116 protegant
1826 1031 2059 1112 pariter
2100 1043 2161 1092 et
2201 1033 2529 1094 defendant

255 1142 478 1198 cinnes
519 1145 580 1196 et
610 1155 998 1216 quascunque
1025 1155 1310 1218 personas
1343 1136 1607 1198 cuiusvis
1648 1133 2017 1197 conditionis
2050 1155 2123 1194 ac
2156 1145 2349 1196 status
2386 1137 2527 1198 fue-

255 1221 426 1316 rint,
489 1248 702 1317 contra
757 1239 1046 1309 facientes
1087 1247 1192 1298 aut
1237 1238 1545 1300 venientes
1592 1237 1798 1298 taliter
1836 1237 2183 1318 puniendo,
2243 1237 2407 1318 quod
2454 1238 2527 1298 in

253 1350 576 1424 posterum
609 1340 858 1403 caeteris
885 1341 1064 1404 cadat
1085 1340 1154 1400 in
1178 1341 1541 1422 exemplum.
1628 1339 1927 1414 Quoniam
1964 1339 2053 1398 sic
2078 1339 2211 1400 fieri
2238 1341 2525 1420 volumus

256 1453 328 1504 et
359 1442 636 1502 iubemus
673 1462 796 1522 per
823 1451 1200 1522 praesentes,
1241 1444 1308 1503 in
1339 1444 1513 1504 cuius
1538 1442 1629 1503 rei
1658 1441 2071 1518 testimonium
2100 1442 2363 1534 sigillum
2391 1433 2525 1502 No·-'

252 1555 438 1606 trum
477 1544 892 1628 praesentibus
927 1545 1117 1606 literis
1159 1544 1448 1604 duximus
1480 1544 1923 1626 apponendum.
2009 1545 2227 1606 Datum
2260 1545 2523 1620 Parisiis,

257 1649 370 1710 die
391 1647 528 1710 xn.
549 1650 770 1708 mensis
792 1647 953 1726 Maii,
997 1634 1158 1710 anno
1181 1646 1781 1726 MDXV11.etRegni
1808 1646 2013 1708 Nostri
2042 1647 2145 1708 111.
2190 1647 2301 1710 Sic.
2320 1647 2525 1725 signa-
2562 1657 2567 1662 ’
2630 1654 2665 1693 -’

255 1761 402 1812 tum
432 1771 616 1832 supra
639 1750 896 1831 plicam=
931 1771 1042 1832 per
1068 1753 1306 1828 Regem.
1362 1729 1637 1810 Dominis
1670 1727 1939 1812 DuciBus
1970 1751 2314 1826 Alemone,
2356 1747 2525 1813 Bor-

257 1837 452 1914 honio
491 1861 550 1914 et
605 1853 688 1914 V
661 1849 1074 1931 mdocmenn,
1130 1851 1402 1912 Dominis
1451 1851 1511 1910 d'
1521 1853 1607 1912 Οι·
1612 1853 1752 1930 val,
1810 1850 1883 1912 de
1922 1853 1993 1912 la
2052 1851 2387 1928 Trunoille,
2450 1847 2526 1910 ds

257 1957 494 2034 Boisy,
551 1955 764 2036 Magno
807 1955 1122 2036 Magistro,
1187 1955 1477 2016 Bastardo
1520 1895 1879 2033 sabaudiae,
1946 1955 2023 2014 de
2068 1957 2137 2016 la
2171 1956 2389 2014 Paliae
2426 1952 2525 2034 [de

258 2059 338 2118 Ia
377 2056 587 2138 Palte]
629 2066 692 2117 et
729 2054 804 2116 de
847 2056 1228 2130 ΟΙιαεείΙῐονι,
1269 2057 1681 2118 Mareschallis
1718 2057 2007 2118 Franciae
2058 2067 2119 2118 et
2166 2057 2301 2117 aliis
2343 2075 2525 2138 prae-
2620 2133 2623 2136 ᾗ

259 2159 558 2222 sentibus.
625 2158 931 2220 Robmet.
1013 2159 1226 2236 Lecta,
1268 2159 1577 2240 publicata
1604 2170 1668 2222 et
1692 2162 2009 2240 registr-‘sta
2036 2181 2115 2220 ex
2144 2159 2527 2222 ordinatione
2557 2161 2565 2170 '

261 2271 330 2326 et
375 2261 452 2322 de
492 2239 818 2342 praecepto
851 2259 1092 2320 Domini
1125 2261 1330 2322 Nostri
1371 2263 1579 2342 Regis,
1632 2261 1929 2326 reiteratis
1976 2263 2212 2324 vicibus
2252 2263 2413 2324 facto
2457 2263 2525 2324 in

257 2364 604 2480 praesentia
625 2364 865 2424 Domini
893 2365 1100 2424 Nostri
1127 2363 1336 2442 Regis,
1381 2365 1459 2424 ad
1494 2364 1613 2425 hoc
1640 2385 1747 2446 per
1786 2385 1925 2426 eum
1964 2365 2305 2446 specialiter
2336 2366 2523 2427 missi.

259 2467 566 2531 Parisiis'
547 2488 612 2527 ιιι
658 2467 1072 2564 Par-lamento,
1114 2467 1316 2531 xxn.
1359 2467 1456 2529 die
1486 2467 1717 2551 Martii,
1760 2488 1921 2529 anno
1947 2467 2197 2573 Domini
2217 2469 2523 2535 Moxvu.

265 2574 376 2633 Sic
401 2570 736 2650 signatum.
806 2569 1070 2632 Pie-lton.
1568 2602 1579 2607 -

440 2670 508 2753 §-
545 2678 644 2739 16.
727 2674 936 2738 Fran
954 2694 1070 2733 οιε
1089 2692 1256 2749 cus,
1320 2671 1450 2733 Dei
1504 2671 1767 2751 gratia
1804 2662 2319 2735 Francorum'
2328 2674 2525 2753 Rex,

263 2774 694 2837 Mediolani
733 2776 904 2841 Dux
949 2785 1019 2835 et
1061 2767 1376 2841 Genuae
1419 2776 1470 2863 D
1491 2774 1795 2837 ominus
1815 2774 2142 2835 'universis
2180 2771 2525 2857 praesentes

263 2878 474 2939 lites-as
515 2877 880 2961 inspecturis
913 2879 1185 2939 salutem.
1273 2879 1420 2939 Cum
1461 2877 1703 2960 urgenti
1742 2878 2095 2941 necessitate
2140 2878 2525 2961 evidentique

265 2980 590 3043 commodo
619 2990 682 3041 et
702 2981 972 3047 utilitate
993 2980 1362 3063 reipublicae
1383 2991 1444 3041 et
1468 2981 1655 3065 Regni
1682 2980 1889 3041 Nostri
1910 2981 2113 3052 ducti,
2144 2982 2223 3041 ad
2246 2982 2525 3043 evitanda
2566 3058 2570 3062 Ι
2638 2984 2643 2991 ’

264 3084 500 3147 maiora
549 3084 856 3166 pericula,
925 3102 1076 3187 quae
1121 3104 1198 3145 ex
1249 3082 1636 3143 revocatione
1680 3082 2087 3161 Pragmaticae
2132 3086 2199 3145 in
2250 3088 2523 3147 futurum
2604 3092 2611 3101 ’

267 3196 560 3254 eventura
603 3188 1020 3263 cernebamus,
1079 3186 1206 3253 sive
1240 3185 1340 3247 illi
1383 3186 1761 3247 revocationi
1806 3186 2180 3265 obediretur,
2238 3190 2363 3253 sive
2394 3210 2525 3251 non

269 3290 656 3368 obediretur,
697 3308 848 3369 quae
873 3288 1206 3369 unicuique
1234 3300 1398 3353 recte
1439 3292 1723 3355 sentienti
1750 3292 2039 3354 latissime
2076 3302 2350 3353 constare
2373 3312 2525 3374 pos-

268 3401 446 3469 sant,
487 3401 649 3455 certa
669 3391 1028 3453 iniverimus
1057 3412 1198 3453 cum
1227 3402 1434 3453 sancta
1457 3396 1611 3455 Sede
1632 3394 1980 3475 Apostolica
2010 3396 2415 3470 concordata,
2454 3395 2526 3457 in

271 3494 493 3577 quibus
513 3494 676 3556 inter
703 3506 934 3557 caetera
971 3505 1220 3555 cautum
1257 3505 1376 3567 est,
1421 3496 1585 3577 quod
1627 3498 1787 3557 infra
1816 3497 1901 3557 VI
1937 3498 2229 3559 mensium
2260 3501 2525 3579 spatium

268 3597 375 3657 illa
411 3596 716 3679 publicari
755 3608 816 3677 et
849 3598 1190 3679 registrari,
1233 3618 1350 3657 nec
1375 3618 1500 3657 non
1534 3600 1721 3661 iurari
1760 3600 1829 3659 in
1866 3600 2061 3660 Curiis
2097 3600 2333 3661 Nostris
2373 3602 2525 3663 Par-

269 3700 672 3769 lamentorum
697 3702 1098 3779 efficeremus,
1142 3700 1591 3781 Ecclesiamque
1618 3702 1986 3763 Gallicanam
2008 3702 2130 3762 illis
2164 3706 2526 3782 consentire,

271 3802 422 3867 alias
451 3804 686 3866 nulliu-
726 3814 924 3868 essent
947 3806 1268 3899 momenti,
1317 3825 1467 3885 quae
1492 3806 1839 3869 nullatenus
1866 3808 1943 3877 ob
1973 3806 2327 3869 brevitatem
2366 3818 2527 3869 tem-

267 3907 480 3989 poris,
521 3906 657 3999 aliis
679 3908 856 3969 etism
885 3907 1238 3989 urgentibus
1259 3908 1515 3988 negotiis
1534 3892 1843 3991 occupati,
1887 3930 1997 3992 per
1998 3910 2179 3969 ficere
2204 3910 2527 3973 voluimus.

269 4012 508 4073 Idcirco
545 4032 626 4073 ne
653 4011 722 4071 in
752 4022 880 4073 rete
923 4012 1111 4092 (quod
1138 4012 1516 4091 verebamur)
1558 4014 1959 4073 incideremus
1992 4022 2052 4071 et
2086 4033 2165 4073 ne
2204 4016 2525 4077 commodo
2618 4030 2633 4037 “

271 4126 334 4177 et
367 4115 634 4183 utilitate
675 4116 984 4177 dictorum
1020 4116 1543 4179 >concordatorum
1584 4117 2041 4194 frustraremur,
2088 4138 2121 4199 a
2156 4108 2309 4209 Sede
2342 4118 2527 4203 Apo-

269 4220 488 4282 stolica
520 4228 664 4301 post
699 4218 935 4301 lapsum
975 4218 1128 4282 dicti
1165 4220 1346 4302 spatii
1385 4220 1467 4281 v1
1496 4219 1799 4284 mensium
1821 4220 2005 4281 unius
2042 4221 2187 4281 anni
2216 4242 2551 4302 proroga-2
2636 4310 2641 4319 .

271 4325 502 4389 tionem
543 4324 936 4423 obtinuimus·
1031 4325 1346 4389 caeteram
1388 4344 1575 4405 quum
1603 4326 1673 4387 in
1714 4324 1897 4387 dictis
1924 4326 2317 4389 Comordatis
2362 4325 2525 4387 inter
2570 4372 2588 4385 Ι
