2930 4963
324 357 332 362 ⁴
388 358 539 428 *128

412 525 757 590 constrictis
808 523 1129 608 marsupiis
1180 521 1261 586 ad
1318 523 1782 606 expendendum
1835 519 2050 586 aurum
2103 523 2286 590 simu
2331 511 2656 590 tardiores.

406 633 635 712 Nempe
676 629 919 690 Sanctio
964 623 1301 688 Basiliensis
1344 625 1573 705 synodi
1619 625 1696 686 ab
1731 628 2018 706 Eagmio
2071 626 2366 704 indictae,
2423 637 2664 688 stoma-

410 733 595 794 chum
635 731 878 793 Aeneae
908 736 1145 804 movet,
1186 728 1381 793 veluti
1422 729 1500 788 ad
1535 727 1658 788 hoc
1689 727 1940 814 tendat,
1983 747 2060 789 ne
2094 727 2452 790 Germanica
2485 727 2664 790 natio

404 835 766 898 iussionibus
800 829 1176 911 Apostolicae
1212 829 1383 893 Sedis
1424 828 1704 906 obedire,
1747 837 1808 888 et
1839 849 1916 888 ne
1953 830 2102 908 quid
2141 831 2536 911 pecuniarum
2575 831 2660 892 ad

406 941 739 1000 Romanam
774 933 1011 994 Curiam
1060 930 1309 990 deferre
1337 939 1604 1008 cogatur.
1687 931 1772 990 At
1804 949 1912 1010 ego
1954 933 2252 995 neminem
2294 934 2394 996 vel
2439 933 2662 996 Ponti-

404 1039 625 1115 ficum,
668 1037 769 1098 vel
810 1034 1159 1114 Principum
1192 1031 1550 1092 nostratim
1593 1051 1718 1092 esse
1761 1023 2148 1112 crediderim,
2193 1037 2298 1116 qui
2337 1035 2660 1116 prohibeat

406 1135 697 1224 pecunias
717 1157 960 1200 summo
996 1133 1267 1196 omnium
1304 1143 1582 1194 nostrum
1615 1134 1845 1214 pastori
1882 1145 1942 1196 et
1979 1137 2148 1198 Patri
2179 1137 2407 1198 debitas
2447 1147 2662 1226 tran&-

410 1245 579 1306 ferri.
664 1243 929 1318 Pergunt
960 1237 1351 1306 nihilominus
1390 1235 1546 1295 illuc
1579 1245 1872 1298 nostrates
1913 1238 2184 1318 quotidie
2221 1257 2498 1320 peregre,
2537 1261 2658 1320 pro

409 1343 727 1409 reservatis
774 1333 979 1421 gratiis
1028 1349 1105 1400 ets
1132 1335 1682 1418 dispensationibus
1723 1330 1944 1400 aurum'
1991 1343 2660 1424 expenditur31causae

410 1449 587 1510 etiam
610 1446 927 1528 profanae,
970 1441 1193 1502 nedum
1224 1461 1335 1522 per
1361 1440 1792 1520 appellationes
1809 1441 1966 1515 illuc
1993 1443 2342 1506 trahuntur.
2407 1445 2660 1506 Condo-
2707 1499 2724 1508 ..

408 1551 716 1625 nationes,
768 1547 837 1607 in
872 1545 1089 1626 quibus
1132 1544 1235 1606 vel
1282 1541 1461 1600 Sedes
1503 1542 1884 1622 Apostolica‚
1937 1545 2040 1606 vel
2089 1546 2237 1607 ordo
2288 1547 2659 1628 scriptorum

410 1663 585 1737 parte
612 1671 719 1712 sua
748 1647 996 1728 gaudet,
1040 1645 1207 1706 nulla
1234 1644 1399 1704 natio
1430 1645 1770 1726 promptius
1795 1623 2252 1730 suscipit‘quam
2283 1649 2658 1712 Germanica.

410 1755 861 1838 Episcoporum
908 1758 967 1808 et
988 1747 1305 1818 ‚Abbatum
1346 1747 1722 1824 quorundam
1765 1749 2124 1810 nostratium
2171 1751 2658 1812 confirmationes

412 1875 721 1938 nunquam
745 1849 1061 1914 vacuisad
1092 1869 1205 1910 nos
1242 1843 1523 1909 manibus
1539 1849 1828 1910 reductae
1865 1861 2026 1912 sunt.
2113 1852 2296 1926 Quod
2331 1863 2472 1914 ante
2501 1851 2660 1914 haec

390 1947 647 2021 ⁷saecula
702 1953 897 2016 nostri
944 1950 1295 2032 praestitere
1345 1944 1628 2027 maiores,
1697 1951 1866 2030 quod
1911 1951 2248 2032 legitimum
2281 1964 2424 2032 est,
2491 1953 2660 2036 quod

408 2061 669 2136 iustum,
712 2055 877 2138 quod
908 2052 1221 2117 tolerabile
1256 2059 1379 2130 est,
1408 2051 1502 2116 ‚id
1537 2051 1753 2113 amodo
1801 2057 2154 2135 praestitum
2193 2057 2272 2118 iri
2305 2077 2482 2118 nemo
2531 2077 2658 2118 no·

411 2163 689 2225 stratium
732 2156 1147 2236 refragabitur.
1230 2154 1311 2216 At
1358 2155 1498 2235 plus
1547 2171 1736 2234 aequo
1787 2177 1822 2216 a
1869 2157 2048 2221 nobis
2091 2158 2369 2238 emungi,
2426 2159 2658 2243 ‘eoi-in·
2735 2200 2762 2226 ς

410 2265 675 2328 thiorum
706 2261 928 2324 similes
960 2279 1071 2320 nos
1100 2257 1277 2334 facit,
1316 2259 1393 2318 ad
1428 2278 1582 2337 quos
1621 2259 1954 2336 arguendos
1995 2261 2300 2322 electionis
2339 2280 2448 2322 vas
2483 2259 2656 2322 into-

312 2429 315 2436 ,
410 2369 619 2434 nabat:
679 2360 1139 2439 sustinetis,
1194 2360 1259 2420 si
1302 2360 1481 2440 quis
1523 2380 1658 2420 vos
1698 2360 1777 2422 in
1819 2362 2284 2424 servitutem
2323 2361 2652 2442 redigit,

391 2450 476 2533 ‘si
518 2469 683 2552 quis
724 2459 1080 2540 devorat,
1124 2462 1187 2523 si
1231 2461 1407 2541 quis
1452 2461 1769 2544 accipit.

578 2568 840 2630 Tametsi
868 2567 1169 2641 Bononia,
1214 2565 1518 2637 Perusini,
1577 2566 1874 2629 Ecclesiae
1915 2566 2138 2629 Vicarii
2181 2576 2242 2629 et
2277 2567 2496 2647 reliqui
2531 2588 2653 2648 po-

408 2674 545 2757 puli
590 2669 889 2731 Ecclesiae
930 2669 1229 2727 Romanae
1281 2668 1538 2729 subiecti
1593 2677 1700 2727 aut
1747 2668 1906 2730 nihil
1953 2680 2060 2731 aut
2111 2660 2402 2751 quantum
2461 2670 2656 2731 velint

288 2810 295 2825 .
417 2774 607 2856 (quod
634 2772 879 2833 Aeneae
914 2768 1377 2829 lamentabiliter
1410 2768 1710 2847 meminit)
1747 2772 2088 2848 conferant,
2131 2773 2344 2833 ideone
2377 2793 2492 2833 nos
2529 2793 2654 2833 no-

412 2886 541 2937 stra
567 2870 1015 2935 immoderatius
1052 2871 1289 2949 elargiri
1318 2872 1447 2931 ulla
1473 2874 1604 2953 lege
1643 2874 1968 2953 cogemur?
2023 2875 2208 2949 Quod
2231 2884 2432 2939 autem
2461 2876 2656 2937 Roma

409 2988 511 3038 tot
536 2986 597 3037 et
624 2978 747 3037 fere
772 2975 1127 3035 innumeros
1152 2972 1494 3053 ministros,
1539 2976 1910 3057 diversisque
1937 2977 2288 3037 muneribus
2301 2978 2652 3057 ,praefectos

410 3078 595 3141 habet
640 3076 737 3160 (ut
767 3074 1009 3135 Aeneas
1048 3074 1155 3153 ait)
1172 3119 1189 3152 ,
1238 3096 1414 3155 quos
1424 3080 1622 3141 indies
1665 3080 2059 3161 multiplicari
2101 3080 2346 3162 dicunt,
2389 3100 2534 3141 eane
2575 3080 2654 3143 de

414 3202 592 3243 causa
644 3198 767 3241 res
790 3158 1105 3239 familiaris
1166 3178 1602 3241 Germanorum
1661 3182 2064 3243 exhaurienda
2115 3183 2250 3243 est‘?
2315 3184 2654 3265 Operosum

412 3303 553 3343 sane
580 3290 669 3341 est
692 3282 942 3341 Romam
972 3278 1235 3341 omnium
1265 3300 1580 3343 causarum
1607 3284 1738 3345 iure
1765 3285 1883 3345 fori
1917 3286 2472 3366 pertractandarum
2499 3306 2656 3365 pon-

412 3384 556 3461 clera
584 3385 773 3445 solam
805 3382 1115 3463 sustinere.
1198 3384 1281 3443 At
1316 3392 1463 3443 sunt
1505 3392 1764 3467 (praeter
1801 3389 2242 3470 imperatoriam
2279 3385 2652 3447 iurisdictio·

406 3484 592 3572 nem).
627 3486 696 3545 in
732 3485 955 3545 nostris
997 3504 1239 3565 quoque
1288 3488 1468 3547 terris
1511 3490 1870 3551 clarissimae
1911 3490 2302 3595 metropoles,
2359 3488 2652 3569 iurispru-

312 3584 319 3591 ⁰
410 3588 614 3649 dentia
648 3598 714 3647 et
749 3587 1093 3667 integritate
1123 3587 1397 3648 iudicum
1442 3590 1750 3670 suffultae,
1805 3592 1882 3653 ad
1925 3588 2072 3672 quas
2115 3614 2150 3651 a
2191 3592 2442 3655 nostris
2452 3590 2652 3651 cathe-

408 3690 679 3753 dralibus
738 3687 918 3771 (quae
972 3688 1315 3769 proximam
1364 3691 1678 3755 iudicandi
1721 3696 1920 3756 sedem
1953 3694 2200 3777 habent)
2245 3694 2296 3753 si
2339 3694 2652 3777 quippiam

406 3814 473 3855 se
517 3812 871 3875 oppressum
922 3800 1088 3851 ratus
1138 3792 1355 3868 fuerit,
1412 3814 1525 3875 per
1569 3798 2030 3877 appellationem
2089 3800 2384 3877 refugium
2429 3796 2652 3859 habere

404 3905 631 3978 posset.
716 3894 1059 3971 Quamlibet
1094 3904 1293 3955 autem
1332 3899 1692 3961 nostratium
1722 3900 1822 3960 vel
1855 3901 2180 3981 profanum
2214 3900 2498 3983 proximo
2537 3919 2650 3961 suo

406 3996 621 4057 iudice
666 4008 1051 4083 contempto,
1118 4020 1235 4083 pro
1286 4017 1355 4077 re
1406 3998 1704 4061 levissima
1723 4042 1748 4079 ,
1813 4023 1890 4063 ex
1937 4003 2246 4065 vindictae
2295 4004 2652 4085 quandoque

404 4100 635 4193 livore,
692 4102 751 4159 et
792 4102 1041 4183 propria
1090 4101 1159 4162 in
1200 4118 1459 4185 persona
1513 4101 1628 4182 (uti
1667 4115 1948 4185 expertus
1973 4104 2146 4189 ¹suin)
2200 4106 2280 4167 ad
2313 4108 2650 4167 Romanum

338 4287 343 4295 .
404 4202 675 4263 tribunal
712 4201 873 4263 trahi
886 4251 908 4281 ‚
966 4224 1221 4284 aequum
1260 4222 1385 4264 esse
1427 4202 1616 4266 Divus
1655 4206 2038 4271 Bembardus
2075 4227 2454 4291 nequaquam
2491 4209 2655 4272 iudi.

408 4306 601 4369 cabat-
681 4304 753 4365 ln
787 4305 989 4367 arduis
1021 4316 1223 4369 umen
1253 4316 1317 4370 et
1346 4304 1708 4387 gravissimis
1732 4312 1926 4375 causis
1947 4314 2198 4377 Romam
2225 4312 2653 4397 appellandum
2755 4318 2776 4337 ‘
